<?xml version="1.0" encoding="UTF-8"?>
<!DOCTYPE html PUBLIC "-//W3C//DTD XHTML 1.0 Transitional//EN"
    "http://www.w3.org/TR/xhtml1/DTD/xhtml1-transitional.dtd">
<html xmlns="http://www.w3.org/1999/xhtml" xml:lang="en" lang="en">
 <head>
  <title>
</title>
<meta http-equiv="Content-Type" content="text/html;charset=utf-8" />
  <meta name='ocr-system' content='tesseract 3.04.00' />
  <meta name='ocr-capabilities' content='ocr_page ocr_carea ocr_par ocr_line ocrx_word'/>
</head>
<body>
  <div class='ocr_page' id='page_1' title='image "./corpusscriptoru40niebgoog_0158.png"; bbox 0 0 3042 4825; ppageno 0'>
   <div class='ocr_carea' id='block_1_1' title="bbox 301 169 1175 282">
    <p class='ocr_par' dir='ltr' id='par_1_1' title="bbox 301 169 1175 282">
     <span class='ocr_line' id='line_1_1' title="bbox 301 169 1175 282; baseline -0.015 -12"><span class='ocrx_word' id='word_1_1' title='bbox 301 169 359 282; x_wconf 79' lang='lat' dir='ltr'><strong><em>9d</em></strong></span> <span class='ocrx_word' id='word_1_2' title='bbox 491 181 782 258; x_wconf 71' lang='lat' dir='ltr'>“cousrsunur</span> <span class='ocrx_word' id='word_1_3' title='bbox 810 187 1175 258; x_wconf 77' lang='lat' dir='ltr'>rourmnoouurrr</span> 
     </span>
    </p>
   </div>
   <div class='ocr_carea' id='block_1_2' title="bbox 215 341 1439 2714">
    <p class='ocr_par' dir='ltr' id='par_1_2' title="bbox 274 341 1419 930">
     <span class='ocr_line' id='line_1_2' title="bbox 274 341 1399 438; baseline 0.004 -26"><span class='ocrx_word' id='word_1_4' title='bbox 274 343 461 436; x_wconf 75' lang='grc' dir='ltr'><strong><em>Βάριστερῷ</em></strong></span> <span class='ocrx_word' id='word_1_5' title='bbox 476 346 569 433; x_wconf 88' lang='grc' dir='ltr'><strong><em>μέρει</em></strong></span> <span class='ocrx_word' id='word_1_6' title='bbox 588 346 646 411; x_wconf 75' lang='lat' dir='ltr'>eod</span> <span class='ocrx_word' id='word_1_7' title='bbox 663 343 764 412; x_wconf 79' lang='lat' dir='ltr'>udrod&#39;</span> <span class='ocrx_word' id='word_1_8' title='bbox 783 343 953 430; x_wconf 64' lang='grc' dir='ltr'><strong><em>τρικλινου,</em></strong></span> <span class='ocrx_word' id='word_1_9' title='bbox 974 343 1031 410; x_wconf 84' lang='grc' dir='ltr'><strong><em>καί</em></strong></span> <span class='ocrx_word' id='word_1_10' title='bbox 1053 345 1150 412; x_wconf 85' lang='grc' dir='ltr'><strong><em>αότοί</em></strong></span> <span class='ocrx_word' id='word_1_11' title='bbox 1169 345 1232 412; x_wconf 86' lang='grc' dir='ltr'><strong><em>άπό</em></strong></span> <span class='ocrx_word' id='word_1_12' title='bbox 1251 351 1318 416; x_wconf 67' lang='lat' dir='ltr'>coir</span> <span class='ocrx_word' id='word_1_13' title='bbox 1337 341 1399 438; x_wconf 75' lang='grc' dir='ltr'><strong><em>εἷρ-</em></strong></span> 
     </span>
     <span class='ocr_line' id='line_1_3' title="bbox 297 441 1399 537; baseline 0.003 -27"><span class='ocrx_word' id='word_1_14' title='bbox 297 446 422 532; x_wconf 84' lang='grc' dir='ltr'><strong><em>χόντιον</em></strong></span> <span class='ocrx_word' id='word_1_15' title='bbox 452 449 509 512; x_wconf 79' lang='grc' dir='ltr'><strong><em>τοῦ</em></strong></span> <span class='ocrx_word' id='word_1_16' title='bbox 535 446 769 528; x_wconf 79' lang='grc' dir='ltr'><strong><em>κουβουκλείον.</em></strong></span> <span class='ocrx_word' id='word_1_17' title='bbox 825 446 881 511; x_wconf 80' lang='grc' dir='ltr'><strong><em>καί</em></strong></span> <span class='ocrx_word' id='word_1_18' title='bbox 905 443 1043 522; x_wconf 74' lang='grc' dir='ltr'><strong><em>ἐξελθών</em></strong></span> <span class='ocrx_word' id='word_1_19' title='bbox 1071 443 1168 514; x_wconf 89' lang='grc' dir='ltr'><strong><em>πάλιν</em></strong></span> <span class='ocrx_word' id='word_1_20' title='bbox 1192 443 1209 512; x_wconf 84' lang='grc' dir='ltr'><strong><em>ό</em></strong></span> <span class='ocrx_word' id='word_1_21' title='bbox 1233 441 1399 537; x_wconf 85' lang='grc' dir='ltr'><strong><em>δστιάριος</em></strong></span> 
     </span>
     <span class='ocr_line' id='line_1_4' title="bbox 307 539 1397 630; baseline 0.003 -19"><span class='ocrx_word' id='word_1_22' title='bbox 307 543 369 614; x_wconf 81' lang='lat' dir='ltr'><strong><em>dud</em></strong></span> <span class='ocrx_word' id='word_1_23' title='bbox 394 543 562 620; x_wconf 85' lang='grc' dir='ltr'><strong><em>κελεόσεως</em></strong></span> <span class='ocrx_word' id='word_1_24' title='bbox 591 539 644 609; x_wconf 89' lang='grc' dir='ltr'><strong><em>διά</em></strong></span> <span class='ocrx_word' id='word_1_25' title='bbox 666 543 822 626; x_wconf 79' lang='grc' dir='ltr'><strong><em>νεύματος</em></strong></span> <span class='ocrx_word' id='word_1_26' title='bbox 850 547 909 610; x_wconf 78' lang='grc' dir='ltr'><strong><em>τοῦ</em></strong></span> <span class='ocrx_word' id='word_1_27' title='bbox 935 543 1163 630; x_wconf 85' lang='grc' dir='ltr'><strong><em>πραιποσίτου,</em></strong></span> <span class='ocrx_word' id='word_1_28' title='bbox 1200 547 1319 630; x_wconf 90' lang='grc' dir='ltr'><strong><em>εἰσάγει</em></strong></span> <span class='ocrx_word' id='word_1_29' title='bbox 1341 544 1397 614; x_wconf 83' lang='grc' dir='ltr'><strong><em>διά</em></strong></span> 
     </span>
     <span class='ocr_line' id='line_1_5' title="bbox 305 639 1400 730; baseline 0 -18"><span class='ocrx_word' id='word_1_30' title='bbox 305 649 364 712; x_wconf 78' lang='grc' dir='ltr'><strong><em>τοῦ</em></strong></span> <span class='ocrx_word' id='word_1_31' title='bbox 390 639 561 730; x_wconf 82' lang='grc' dir='ltr'><strong><em>άριστεροῦ</em></strong></span> <span class='ocrx_word' id='word_1_32' title='bbox 578 645 697 729; x_wconf 80' lang='grc' dir='ltr'><strong><em>μέρους</em></strong></span> <span class='ocrx_word' id='word_1_33' title='bbox 711 647 814 728; x_wconf 75' lang='grc' dir='ltr'><strong><em>βῆλον</em></strong></span> <span class='ocrx_word' id='word_1_34' title='bbox 833 641 878 726; x_wconf 81' lang='grc' dir='ltr'><strong><em>γ’,</em></strong></span> <span class='ocrx_word' id='word_1_35' title='bbox 896 643 1102 728; x_wconf 75' lang='grc' dir='ltr'><strong><em>ἡγουμένους·</em></strong></span> <span class='ocrx_word' id='word_1_36' title='bbox 1141 644 1338 722; x_wconf 77' lang='grc' dir='ltr'><strong><em>εἰσελθόντες</em></strong></span> <span class='ocrx_word' id='word_1_37' title='bbox 1363 649 1400 712; x_wconf 82' lang='grc' dir='ltr'><strong><em>δὲ</em></strong></span> 
     </span>
     <span class='ocr_line' id='line_1_6' title="bbox 302 738 1419 829; baseline -0.003 -19"><span class='ocrx_word' id='word_1_38' title='bbox 302 742 359 810; x_wconf 79' lang='grc' dir='ltr'><strong><em>καί</em></strong></span> <span class='ocrx_word' id='word_1_39' title='bbox 378 738 473 810; x_wconf 75' lang='lat' dir='ltr'>adrui</span> <span class='ocrx_word' id='word_1_40' title='bbox 487 743 543 808; x_wconf 86' lang='grc' dir='ltr'><strong><em>καί</em></strong></span> <span class='ocrx_word' id='word_1_41' title='bbox 563 741 836 829; x_wconf 77' lang='grc' dir='ltr'><strong><em>προσκυνήσαντες</em></strong></span> <span class='ocrx_word' id='word_1_42' title='bbox 850 745 886 809; x_wconf 81' lang='grc' dir='ltr'><strong><em>ε’νι</em></strong></span> <span class='ocrx_word' id='word_1_43' title='bbox 907 741 952 826; x_wconf 82' lang='grc' dir='ltr'><strong><em>γ’,</em></strong></span> <span class='ocrx_word' id='word_1_44' title='bbox 973 738 1171 823; x_wconf 75' lang='grc' dir='ltr'><strong><em>ἀσπάζονται</em></strong></span> <span class='ocrx_word' id='word_1_45' title='bbox 1193 740 1246 808; x_wconf 86' lang='grc' dir='ltr'><strong><em>τὸν</em></strong></span> <span class='ocrx_word' id='word_1_46' title='bbox 1262 740 1419 828; x_wconf 68' lang='grc' dir='ltr'><strong><em>βασιλέαὸ</em></strong></span> 
     </span>
     <span class='ocr_line' id='line_1_7' title="bbox 305 837 1400 930; baseline 0.001 -22"><span class='ocrx_word' id='word_1_47' title='bbox 305 839 342 910; x_wconf 87' lang='grc' dir='ltr'><strong><em>δν</em></strong></span> <span class='ocrx_word' id='word_1_48' title='bbox 366 841 485 930; x_wconf 81' lang='grc' dir='ltr'><strong><em>τρόπον</em></strong></span> <span class='ocrx_word' id='word_1_49' title='bbox 507 843 563 908; x_wconf 84' lang='grc' dir='ltr'><strong><em>καί</em></strong></span> <span class='ocrx_word' id='word_1_50' title='bbox 585 839 615 906; x_wconf 85' lang='grc' dir='ltr'><strong><em>οῖ</em></strong></span> <span class='ocrx_word' id='word_1_51' title='bbox 638 837 700 926; x_wconf 85' lang='grc' dir='ltr'><strong><em>πρό</em></strong></span> <span class='ocrx_word' id='word_1_52' title='bbox 718 841 845 925; x_wconf 78' lang='grc' dir='ltr'><strong><em>αἰτῶν,</em></strong></span> <span class='ocrx_word' id='word_1_53' title='bbox 866 845 922 907; x_wconf 76' lang='grc' dir='ltr'><strong><em>καί</em></strong></span> <span class='ocrx_word' id='word_1_54' title='bbox 941 837 1119 918; x_wconf 71' lang='grc' dir='ltr'><strong><em>διελθόντες</em></strong></span> <span class='ocrx_word' id='word_1_55' title='bbox 1142 842 1196 908; x_wconf 79' lang='grc' dir='ltr'><strong><em>διὰ</em></strong></span> <span class='ocrx_word' id='word_1_56' title='bbox 1214 846 1270 908; x_wconf 79' lang='grc' dir='ltr'><strong><em>τοῦ</em></strong></span> <span class='ocrx_word' id='word_1_57' title='bbox 1291 846 1400 924; x_wconf 74' lang='grc' dir='ltr'><strong><em>δεξιοῦ</em></strong></span> 
     </span>
    </p>

    <p class='ocr_par' dir='ltr' id='par_1_3' title="bbox 215 937 1439 1322">
     <span class='ocr_line' id='line_1_8' title="bbox 215 937 1397 1030; baseline -0.002 -22"><span class='ocrx_word' id='word_1_58' title='bbox 215 959 218 964; x_wconf 81' lang='grc'>’</span> <span class='ocrx_word' id='word_1_59' title='bbox 298 944 437 1028; x_wconf 81' lang='grc' dir='ltr'><strong><em>μέρους,</em></strong></span> <span class='ocrx_word' id='word_1_60' title='bbox 458 943 606 1008; x_wconf 69' lang='grc' dir='ltr'><strong><em>ἵστανται</em></strong></span> <span class='ocrx_word' id='word_1_61' title='bbox 625 937 687 1006; x_wconf 88' lang='grc' dir='ltr'><strong><em>άπό</em></strong></span> <span class='ocrx_word' id='word_1_62' title='bbox 715 941 780 1006; x_wconf 79' lang='grc' dir='ltr'><strong><em>τῶν</em></strong></span> <span class='ocrx_word' id='word_1_63' title='bbox 795 944 1033 1026; x_wconf 77' lang='grc' dir='ltr'><strong><em>μητροπολιταίν</em></strong></span> <span class='ocrx_word' id='word_1_64' title='bbox 1045 940 1102 1008; x_wconf 83' lang='grc' dir='ltr'><strong><em>καί</em></strong></span> <span class='ocrx_word' id='word_1_65' title='bbox 1117 941 1305 1013; x_wconf 73' lang='grc' dir='ltr'><strong><em>ἐπισκόπων.</em></strong></span> <span class='ocrx_word' id='word_1_66' title='bbox 1328 944 1397 1030; x_wconf 83' lang='grc' dir='ltr'>(Γ.)</span> 
     </span>
     <span class='ocr_line' id='line_1_9' title="bbox 299 1035 1398 1130; baseline -0.004 -22"><span class='ocrx_word' id='word_1_67' title='bbox 299 1044 373 1108; x_wconf 77' lang='grc' dir='ltr'><strong><em>Καὶ</em></strong></span> <span class='ocrx_word' id='word_1_68' title='bbox 401 1036 464 1108; x_wconf 73' lang='grc' dir='ltr'><strong><em>εἶθ’</em></strong></span> <span class='ocrx_word' id='word_1_69' title='bbox 485 1035 585 1116; x_wconf 75' lang='grc' dir='ltr'><strong><em>οὕτως</em></strong></span> <span class='ocrx_word' id='word_1_70' title='bbox 612 1038 721 1124; x_wconf 78' lang='grc' dir='ltr'><strong><em>λαβών</em></strong></span> <span class='ocrx_word' id='word_1_71' title='bbox 751 1035 768 1106; x_wconf 82' lang='grc' dir='ltr'><strong><em>ὃ</em></strong></span> <span class='ocrx_word' id='word_1_72' title='bbox 792 1043 849 1126; x_wconf 76' lang='grc' dir='ltr'><strong><em>τῆς</em></strong></span> <span class='ocrx_word' id='word_1_73' title='bbox 875 1039 1098 1119; x_wconf 77' lang='grc' dir='ltr'><strong><em>καταστάσεως</em></strong></span> <span class='ocrx_word' id='word_1_74' title='bbox 1121 1040 1178 1107; x_wconf 89' lang='grc' dir='ltr'><strong><em>τόν</em></strong></span> <span class='ocrx_word' id='word_1_75' title='bbox 1205 1038 1398 1130; x_wconf 79' lang='grc' dir='ltr'><strong><em>ῥεφερενδά-</em></strong></span> 
     </span>
     <span class='ocr_line' id='line_1_10' title="bbox 300 1135 1398 1228; baseline -0.001 -24"><span class='ocrx_word' id='word_1_76' title='bbox 300 1164 387 1228; x_wconf 88' lang='grc' dir='ltr'><strong><em>ριον,</em></strong></span> <span class='ocrx_word' id='word_1_77' title='bbox 409 1139 513 1225; x_wconf 77' lang='grc' dir='ltr'><strong><em>ῥίπτει</em></strong></span> <span class='ocrx_word' id='word_1_78' title='bbox 531 1136 629 1205; x_wconf 71' lang='grc' dir='ltr'><strong><em>αὐτόν</em></strong></span> <span class='ocrx_word' id='word_1_79' title='bbox 650 1137 730 1225; x_wconf 90' lang='grc' dir='ltr'><strong><em>πρός</em></strong></span> <span class='ocrx_word' id='word_1_80' title='bbox 747 1135 822 1216; x_wconf 87' lang='grc' dir='ltr'><strong><em>τοός</em></strong></span> <span class='ocrx_word' id='word_1_81' title='bbox 843 1139 942 1215; x_wconf 88' lang='grc' dir='ltr'><strong><em>πόδας</em></strong></span> <span class='ocrx_word' id='word_1_82' title='bbox 957 1143 1016 1204; x_wconf 80' lang='grc' dir='ltr'><strong><em>τοῦ</em></strong></span> <span class='ocrx_word' id='word_1_83' title='bbox 1038 1145 1205 1223; x_wconf 72' lang='grc' dir='ltr'><strong><em>βασιλέως*</em></strong></span> <span class='ocrx_word' id='word_1_84' title='bbox 1248 1136 1398 1206; x_wconf 87' lang='grc' dir='ltr'><strong><em>ἇσπασά-</em></strong></span> 
     </span>
     <span class='ocr_line' id='line_1_11' title="bbox 300 1233 1439 1322; baseline -0.004 -18"><span class='ocrx_word' id='word_1_85' title='bbox 300 1263 394 1321; x_wconf 89' lang='grc' dir='ltr'><strong><em>μενος</em></strong></span> <span class='ocrx_word' id='word_1_86' title='bbox 411 1241 446 1303; x_wconf 79' lang='grc' dir='ltr'><strong><em>δὲ</em></strong></span> <span class='ocrx_word' id='word_1_87' title='bbox 464 1237 535 1314; x_wconf 88' lang='grc' dir='ltr'><strong><em>τοός</em></strong></span> <span class='ocrx_word' id='word_1_88' title='bbox 555 1261 589 1304; x_wconf 89' lang='grc' dir='ltr'><strong><em>τε</em></strong></span> <span class='ocrx_word' id='word_1_89' title='bbox 608 1237 709 1316; x_wconf 80' lang='grc' dir='ltr'><strong><em>πόδας</em></strong></span> <span class='ocrx_word' id='word_1_90' title='bbox 725 1237 782 1302; x_wconf 83' lang='grc' dir='ltr'><strong><em>καί</em></strong></span> <span class='ocrx_word' id='word_1_91' title='bbox 796 1236 835 1303; x_wconf 89' lang='grc' dir='ltr'><strong><em>τά</em></strong></span> <span class='ocrx_word' id='word_1_92' title='bbox 856 1236 977 1322; x_wconf 87' lang='grc' dir='ltr'><strong><em>γόνατα</em></strong></span> <span class='ocrx_word' id='word_1_93' title='bbox 999 1233 1111 1322; x_wconf 84' lang='grc' dir='ltr'><strong><em>αότοῦ,</em></strong></span> <span class='ocrx_word' id='word_1_94' title='bbox 1132 1237 1272 1318; x_wconf 77' lang='grc' dir='ltr'><strong><em>ἀναστάς</em></strong></span> <span class='ocrx_word' id='word_1_95' title='bbox 1292 1234 1439 1305; x_wconf 87' lang='grc' dir='ltr'><strong><em>α’σπά-το</em></strong></span> 
     </span>
    </p>

    <p class='ocr_par' dir='ltr' id='par_1_4' title="bbox 275 1336 1400 1532">
     <span class='ocr_line' id='line_1_12' title="bbox 275 1336 1398 1428; baseline 0.004 -30"><span class='ocrx_word' id='word_1_96' title='bbox 275 1340 391 1417; x_wconf 58' lang='lat' dir='ltr'>Cieros</span> <span class='ocrx_word' id='word_1_97' title='bbox 415 1336 471 1403; x_wconf 93' lang='grc' dir='ltr'><strong><em>τόν</em></strong></span> <span class='ocrx_word' id='word_1_98' title='bbox 486 1340 632 1420; x_wconf 79' lang='grc' dir='ltr'><strong><em>βασιλέα,</em></strong></span> <span class='ocrx_word' id='word_1_99' title='bbox 653 1338 707 1403; x_wconf 86' lang='grc' dir='ltr'><strong><em>καί</em></strong></span> <span class='ocrx_word' id='word_1_100' title='bbox 723 1337 887 1420; x_wconf 80' lang='grc' dir='ltr'><strong><em>άπελθαίν,</em></strong></span> <span class='ocrx_word' id='word_1_101' title='bbox 907 1341 942 1403; x_wconf 78' lang='grc' dir='ltr'><strong><em>ἐν</em></strong></span> <span class='ocrx_word' id='word_1_102' title='bbox 961 1343 1004 1428; x_wconf 77' lang='grc' dir='ltr'><strong><em>τῷ</em></strong></span> <span class='ocrx_word' id='word_1_103' title='bbox 1023 1340 1181 1428; x_wconf 74' lang='grc' dir='ltr'><strong><em>ἀριστερῷ</em></strong></span> <span class='ocrx_word' id='word_1_104' title='bbox 1195 1342 1288 1426; x_wconf 90' lang='grc' dir='ltr'><strong><em>μέρει</em></strong></span> <span class='ocrx_word' id='word_1_105' title='bbox 1307 1341 1398 1404; x_wconf 80' lang='grc' dir='ltr'><strong><em>ἰστα-</em></strong></span> 
     </span>
     <span class='ocr_line' id='line_1_13' title="bbox 298 1435 1400 1532; baseline 0.002 -32"><span class='ocrx_word' id='word_1_106' title='bbox 298 1463 354 1501; x_wconf 89' lang='grc' dir='ltr'><strong><em>ται</em></strong></span> <span class='ocrx_word' id='word_1_107' title='bbox 369 1435 450 1517; x_wconf 86' lang='grc' dir='ltr'><strong><em>μετά</em></strong></span> <span class='ocrx_word' id='word_1_108' title='bbox 473 1439 529 1501; x_wconf 81' lang='grc' dir='ltr'><strong><em>τοῦ</em></strong></span> <span class='ocrx_word' id='word_1_109' title='bbox 543 1437 660 1524; x_wconf 82' lang='grc' dir='ltr'><strong><em>κλήρου</em></strong></span> <span class='ocrx_word' id='word_1_110' title='bbox 683 1440 739 1522; x_wconf 82' lang='grc' dir='ltr'><strong><em>τῆς</em></strong></span> <span class='ocrx_word' id='word_1_111' title='bbox 760 1439 928 1522; x_wconf 80' lang='grc' dir='ltr'><strong><em>έκκλησάις</em></strong></span> <span class='ocrx_word' id='word_1_112' title='bbox 949 1439 984 1505; x_wconf 79' lang='grc' dir='ltr'><strong><em>ἒν</em></strong></span> <span class='ocrx_word' id='word_1_113' title='bbox 1008 1443 1052 1528; x_wconf 73' lang='grc' dir='ltr'><strong><em>τῷ</em></strong></span> <span class='ocrx_word' id='word_1_114' title='bbox 1074 1439 1175 1504; x_wconf 73' lang='grc' dir='ltr'><strong><em>αὐτοῦ</em></strong></span> <span class='ocrx_word' id='word_1_115' title='bbox 1188 1443 1323 1532; x_wconf 78' lang='grc' dir='ltr'><strong><em>βαθμῷ,</em></strong></span> <span class='ocrx_word' id='word_1_116' title='bbox 1343 1435 1400 1502; x_wconf 83' lang='grc' dir='ltr'><strong><em>καί</em></strong></span> 
     </span>
    </p>

    <p class='ocr_par' dir='ltr' id='par_1_5' title="bbox 240 1533 1397 1623">
     <span class='ocr_line' id='line_1_14' title="bbox 240 1533 1397 1623; baseline 0 -23"><span class='ocrx_word' id='word_1_117' title='bbox 240 1573 241 1578; x_wconf 42' lang='lat'>1</span> <span class='ocrx_word' id='word_1_118' title='bbox 297 1536 419 1614; x_wconf 84' lang='grc' dir='ltr'><strong><em>εόθέως</em></strong></span> <span class='ocrx_word' id='word_1_119' title='bbox 441 1533 460 1599; x_wconf 83' lang='grc' dir='ltr'><strong><em>ό</em></strong></span> <span class='ocrx_word' id='word_1_120' title='bbox 481 1538 537 1622; x_wconf 80' lang='grc' dir='ltr'><strong><em>τῆς</em></strong></span> <span class='ocrx_word' id='word_1_121' title='bbox 560 1538 783 1614; x_wconf 77' lang='grc' dir='ltr'><strong><em>καταστάσεως</em></strong></span> <span class='ocrx_word' id='word_1_122' title='bbox 805 1539 979 1623; x_wconf 78' lang='grc' dir='ltr'><strong><em>ἐξέρχεται·</em></strong></span> <span class='ocrx_word' id='word_1_123' title='bbox 1022 1535 1122 1603; x_wconf 86' lang='grc' dir='ltr'><strong><em>νεόισν</em></strong></span> <span class='ocrx_word' id='word_1_124' title='bbox 1146 1541 1182 1603; x_wconf 86' lang='grc' dir='ltr'><strong><em>δὲ</em></strong></span> <span class='ocrx_word' id='word_1_125' title='bbox 1206 1537 1222 1603; x_wconf 84' lang='grc' dir='ltr'><em>ὃ</em></span> <span class='ocrx_word' id='word_1_126' title='bbox 1244 1534 1397 1621; x_wconf 84' lang='grc' dir='ltr'><strong><em>βασιλεός</em></strong></span> 
     </span>
    </p>

    <p class='ocr_par' dir='ltr' id='par_1_6' title="bbox 295 1631 1397 1726">
     <span class='ocr_line' id='line_1_15' title="bbox 295 1631 1397 1726; baseline -0.003 -25"><span class='ocrx_word' id='word_1_127' title='bbox 295 1637 340 1724; x_wconf 75' lang='grc' dir='ltr'><strong><em>τῷ</em></strong></span> <span class='ocrx_word' id='word_1_128' title='bbox 363 1639 581 1726; x_wconf 83' lang='grc' dir='ltr'><strong><em>πραιποσίτῳ,</em></strong></span> <span class='ocrx_word' id='word_1_129' title='bbox 603 1637 696 1721; x_wconf 82' lang='grc' dir='ltr'><strong><em>λέγει·</em></strong></span> <span class='ocrx_word' id='word_1_130' title='bbox 735 1634 961 1719; x_wconf 66' lang='lat' dir='ltr'>„assedente”</span> <span class='ocrx_word' id='word_1_131' title='bbox 1001 1638 1057 1702; x_wconf 90' lang='grc' dir='ltr'><strong><em>καί</em></strong></span> <span class='ocrx_word' id='word_1_132' title='bbox 1074 1631 1265 1712; x_wconf 69' lang='grc' dir='ltr'><strong><em>ἀπελθόντες</em></strong></span> <span class='ocrx_word' id='word_1_133' title='bbox 1281 1637 1397 1712; x_wconf 87' lang='grc' dir='ltr'><strong><em>πάντες</em></strong></span> 
     </span>
    </p>

    <p class='ocr_par' dir='ltr' id='par_1_7' title="bbox 290 1732 1439 2122">
     <span class='ocr_line' id='line_1_16' title="bbox 297 1732 1439 1823; baseline 0.002 -25"><span class='ocrx_word' id='word_1_134' title='bbox 297 1733 328 1800; x_wconf 88' lang='grc' dir='ltr'><strong><em>οἰ</em></strong></span> <span class='ocrx_word' id='word_1_135' title='bbox 347 1734 539 1812; x_wconf 75' lang='grc' dir='ltr'><strong><em>εἰσελθόντες</em></strong></span> <span class='ocrx_word' id='word_1_136' title='bbox 565 1733 620 1800; x_wconf 90' lang='grc' dir='ltr'><strong><em>διά</em></strong></span> <span class='ocrx_word' id='word_1_137' title='bbox 639 1738 703 1801; x_wconf 79' lang='grc' dir='ltr'><strong><em>τοίν</em></strong></span> <span class='ocrx_word' id='word_1_138' title='bbox 723 1738 822 1821; x_wconf 76' lang='grc' dir='ltr'><strong><em>τριῶν</em></strong></span> <span class='ocrx_word' id='word_1_139' title='bbox 838 1732 963 1819; x_wconf 80' lang='grc' dir='ltr'><strong><em>βηλονν,</em></strong></span> <span class='ocrx_word' id='word_1_140' title='bbox 984 1738 1133 1803; x_wconf 78' lang='grc' dir='ltr'><strong><em>ἵστανται</em></strong></span> <span class='ocrx_word' id='word_1_141' title='bbox 1152 1734 1273 1817; x_wconf 90' lang='grc' dir='ltr'><strong><em>όμαδόν</em></strong></span> <span class='ocrx_word' id='word_1_142' title='bbox 1298 1738 1334 1802; x_wconf 82' lang='grc' dir='ltr'><strong><em>έν</em></strong></span> <span class='ocrx_word' id='word_1_143' title='bbox 1353 1733 1439 1823; x_wconf 61' lang='lat' dir='ltr'>ruisi</span> 
     </span>
     <span class='ocr_line' id='line_1_17' title="bbox 293 1831 1395 1921; baseline -0.003 -21"><span class='ocrx_word' id='word_1_144' title='bbox 293 1837 458 1921; x_wconf 80' lang='grc' dir='ltr'><strong><em>κατωτέρῳ</em></strong></span> <span class='ocrx_word' id='word_1_145' title='bbox 478 1836 570 1919; x_wconf 84' lang='grc' dir='ltr'><strong><em>μέρει</em></strong></span> <span class='ocrx_word' id='word_1_146' title='bbox 594 1838 648 1919; x_wconf 79' lang='grc' dir='ltr'><strong><em>τῆς</em></strong></span> <span class='ocrx_word' id='word_1_147' title='bbox 669 1837 796 1920; x_wconf 79' lang='grc' dir='ltr'><strong><em>χρυσῆς</em></strong></span> <span class='ocrx_word' id='word_1_148' title='bbox 823 1837 989 1920; x_wconf 86' lang='grc' dir='ltr'><strong><em>τραπέζης.</em></strong></span> <span class='ocrx_word' id='word_1_149' title='bbox 1033 1834 1107 1901; x_wconf 79' lang='grc' dir='ltr'><strong><em>όδὲ</em></strong></span> <span class='ocrx_word' id='word_1_150' title='bbox 1131 1831 1282 1918; x_wconf 82' lang='grc' dir='ltr'><strong><em>βασιλεός</em></strong></span> <span class='ocrx_word' id='word_1_151' title='bbox 1301 1831 1395 1899; x_wconf 85' lang='grc' dir='ltr'><strong><em>καίό</em></strong></span> 
     </span>
     <span class='ocr_line' id='line_1_18' title="bbox 292 1929 1395 2024; baseline 0 -26"><span class='ocrx_word' id='word_1_152' title='bbox 292 1932 493 2024; x_wconf 70' lang='grc' dir='ltr'><strong><em>πατριάρχης</em></strong></span> <span class='ocrx_word' id='word_1_153' title='bbox 521 1929 729 2014; x_wconf 73' lang='grc' dir='ltr'><strong><em>ἀναστάντες,</em></strong></span> <span class='ocrx_word' id='word_1_154' title='bbox 759 1935 907 1999; x_wconf 74' lang='grc' dir='ltr'><strong><em>ἵστανται</em></strong></span> <span class='ocrx_word' id='word_1_155' title='bbox 930 1937 966 2002; x_wconf 83' lang='grc' dir='ltr'><strong><em>ἰν</em></strong></span> <span class='ocrx_word' id='word_1_156' title='bbox 988 1936 1033 2024; x_wconf 78' lang='grc' dir='ltr'><strong><em>τῷ</em></strong></span> <span class='ocrx_word' id='word_1_157' title='bbox 1059 1929 1208 2023; x_wconf 83' lang='grc' dir='ltr'><strong><em>άνοοτέρηι</em></strong></span> <span class='ocrx_word' id='word_1_158' title='bbox 1226 1936 1320 2021; x_wconf 84' lang='grc' dir='ltr'><strong><em>μέρει</em></strong></span> <span class='ocrx_word' id='word_1_159' title='bbox 1335 1936 1395 2018; x_wconf 83' lang='grc' dir='ltr'><strong><em>τῆς</em></strong></span> 
     </span>
     <span class='ocr_line' id='line_1_19' title="bbox 290 2031 1399 2122; baseline 0.001 -26"><span class='ocrx_word' id='word_1_160' title='bbox 290 2031 392 2116; x_wconf 74' lang='grc' dir='ltr'><strong><em>αὐτῆς</em></strong></span> <span class='ocrx_word' id='word_1_161' title='bbox 410 2031 535 2116; x_wconf 79' lang='grc' dir='ltr'><strong><em>χρυσῆς</em></strong></span> <span class='ocrx_word' id='word_1_162' title='bbox 554 2034 732 2117; x_wconf 82' lang='grc' dir='ltr'><strong><em>τραπέζης,</em></strong></span> <span class='ocrx_word' id='word_1_163' title='bbox 752 2035 922 2115; x_wconf 83' lang='grc' dir='ltr'><strong><em>βλέποντες</em></strong></span> <span class='ocrx_word' id='word_1_164' title='bbox 942 2036 1024 2122; x_wconf 89' lang='grc' dir='ltr'><strong><em>πρός</em></strong></span> <span class='ocrx_word' id='word_1_165' title='bbox 1042 2031 1220 2117; x_wconf 87' lang='grc' dir='ltr'><strong><em>άνατολάς,</em></strong></span> <span class='ocrx_word' id='word_1_166' title='bbox 1241 2036 1297 2099; x_wconf 81' lang='grc' dir='ltr'><strong><em>καί</em></strong></span> <span class='ocrx_word' id='word_1_167' title='bbox 1310 2039 1399 2098; x_wconf 82' lang='grc' dir='ltr'><strong><em>ποιεῖ</em></strong></span> 
     </span>
    </p>

    <p class='ocr_par' dir='ltr' id='par_1_8' title="bbox 224 2126 1434 2516">
     <span class='ocr_line' id='line_1_20' title="bbox 224 2126 1394 2217; baseline 0.002 -23"><span class='ocrx_word' id='word_1_168' title='bbox 224 2159 227 2168; x_wconf 89' lang='grc'><strong><em>·</em></strong></span> <span class='ocrx_word' id='word_1_169' title='bbox 291 2127 310 2194; x_wconf 89' lang='grc' dir='ltr'><strong><em>ό</em></strong></span> <span class='ocrx_word' id='word_1_170' title='bbox 331 2126 530 2215; x_wconf 85' lang='grc' dir='ltr'><strong><em>πατριάρχης</em></strong></span> <span class='ocrx_word' id='word_1_171' title='bbox 558 2127 658 2216; x_wconf 73' lang='grc' dir='ltr'><strong><em>εὐχὴν</em></strong></span> <span class='ocrx_word' id='word_1_172' title='bbox 683 2129 864 2217; x_wconf 81' lang='grc' dir='ltr'><strong><em>συναπτῆν,</em></strong></span> <span class='ocrx_word' id='word_1_173' title='bbox 899 2130 956 2198; x_wconf 85' lang='grc' dir='ltr'><strong><em>καί</em></strong></span> <span class='ocrx_word' id='word_1_174' title='bbox 977 2131 1178 2217; x_wconf 76' lang='grc' dir='ltr'><strong><em>τελεσθείσης</em></strong></span> <span class='ocrx_word' id='word_1_175' title='bbox 1202 2135 1259 2217; x_wconf 78' lang='grc' dir='ltr'><strong><em>τῆς</em></strong></span> <span class='ocrx_word' id='word_1_176' title='bbox 1284 2133 1394 2216; x_wconf 81' lang='grc' dir='ltr'><strong><em>ετίχῆς,</em></strong></span> 
     </span>
     <span class='ocr_line' id='line_1_21' title="bbox 290 2225 1434 2322; baseline 0.003 -31"><span class='ocrx_word' id='word_1_177' title='bbox 290 2231 376 2312; x_wconf 84' lang='grc' dir='ltr'><strong><em>λέγει</em></strong></span> <span class='ocrx_word' id='word_1_178' title='bbox 398 2225 415 2293; x_wconf 84' lang='grc' dir='ltr'><strong><em>ό</em></strong></span> <span class='ocrx_word' id='word_1_179' title='bbox 437 2229 649 2314; x_wconf 87' lang='grc' dir='ltr'><strong><em>πραιπόσιτος·</em></strong></span> <span class='ocrx_word' id='word_1_180' title='bbox 697 2230 921 2312; x_wconf 83' lang='grc' dir='ltr'><strong><em>,,ιιελεόσατε.”</em></strong></span> <span class='ocrx_word' id='word_1_181' title='bbox 971 2234 1028 2297; x_wconf 85' lang='grc' dir='ltr'><strong><em>καί</em></strong></span> <span class='ocrx_word' id='word_1_182' title='bbox 1051 2233 1236 2322; x_wconf 75' lang='grc' dir='ltr'><strong><em>ἐξέρχονται</em></strong></span> <span class='ocrx_word' id='word_1_183' title='bbox 1256 2228 1434 2306; x_wconf 69' lang='lat' dir='ltr'>drumm</span> 
     </span>
     <span class='ocr_line' id='line_1_22' title="bbox 293 2324 1393 2419; baseline 0.001 -27"><span class='ocrx_word' id='word_1_184' title='bbox 293 2324 324 2392; x_wconf 86' lang='grc' dir='ltr'><strong><em>οἰ</em></strong></span> <span class='ocrx_word' id='word_1_185' title='bbox 345 2325 440 2412; x_wconf 77' lang='grc' dir='ltr'><strong><em>ἱερεῖς</em></strong></span> <span class='ocrx_word' id='word_1_186' title='bbox 458 2351 493 2392; x_wconf 89' lang='grc' dir='ltr'><strong><em>τε</em></strong></span> <span class='ocrx_word' id='word_1_187' title='bbox 508 2325 565 2394; x_wconf 82' lang='grc' dir='ltr'><strong><em>καί</em></strong></span> <span class='ocrx_word' id='word_1_188' title='bbox 581 2327 750 2414; x_wconf 75' lang='grc' dir='ltr'><strong><em>ἡγούμενοι</em></strong></span> <span class='ocrx_word' id='word_1_189' title='bbox 756 2381 767 2412; x_wconf 86' lang='grc'><strong><em>,</em></strong></span> <span class='ocrx_word' id='word_1_190' title='bbox 792 2329 847 2395; x_wconf 89' lang='grc' dir='ltr'><strong><em>καί</em></strong></span> <span class='ocrx_word' id='word_1_191' title='bbox 866 2329 1098 2419; x_wconf 74' lang='grc' dir='ltr'><strong><em>ὕπερεόχονται</em></strong></span> <span class='ocrx_word' id='word_1_192' title='bbox 1119 2326 1335 2412; x_wconf 86' lang='grc' dir='ltr'><strong><em>τὸνβασιλέα.</em></strong></span> <span class='ocrx_word' id='word_1_193' title='bbox 1375 2326 1393 2393; x_wconf 86' lang='grc' dir='ltr'><strong><em>ό</em></strong></span> 
     </span>
     <span class='ocr_line' id='line_1_23' title="bbox 293 2423 1394 2516; baseline 0 -24"><span class='ocrx_word' id='word_1_194' title='bbox 293 2428 330 2492; x_wconf 73' lang='grc' dir='ltr'><strong><em>δὲ</em></strong></span> <span class='ocrx_word' id='word_1_195' title='bbox 350 2424 502 2511; x_wconf 81' lang='grc' dir='ltr'><strong><em>βασιλεός</em></strong></span> <span class='ocrx_word' id='word_1_196' title='bbox 524 2423 605 2510; x_wconf 89' lang='grc' dir='ltr'><strong><em>μετά</em></strong></span> <span class='ocrx_word' id='word_1_197' title='bbox 635 2432 692 2493; x_wconf 80' lang='grc' dir='ltr'><strong><em>τοῦ</em></strong></span> <span class='ocrx_word' id='word_1_198' title='bbox 721 2430 924 2515; x_wconf 90' lang='grc' dir='ltr'><strong><em>πατριάρχου</em></strong></span> <span class='ocrx_word' id='word_1_199' title='bbox 951 2432 1153 2516; x_wconf 80' lang='grc' dir='ltr'><strong><em>εἰσέρχονται</em></strong></span> <span class='ocrx_word' id='word_1_200' title='bbox 1173 2432 1221 2507; x_wconf 84' lang='grc' dir='ltr'><strong><em>εἰς</em></strong></span> <span class='ocrx_word' id='word_1_201' title='bbox 1242 2425 1295 2493; x_wconf 87' lang='grc' dir='ltr'><strong><em>τὸν</em></strong></span> <span class='ocrx_word' id='word_1_202' title='bbox 1317 2423 1394 2493; x_wconf 87' lang='grc' dir='ltr'><strong><em>ναόν</em></strong></span> 
     </span>
    </p>

    <p class='ocr_par' dir='ltr' id='par_1_9' title="bbox 263 2524 1394 2714">
     <span class='ocr_line' id='line_1_24' title="bbox 263 2524 1394 2615; baseline 0.002 -25"><span class='ocrx_word' id='word_1_203' title='bbox 263 2529 355 2613; x_wconf 64' lang='lat' dir='ltr'>orric</span> <span class='ocrx_word' id='word_1_204' title='bbox 384 2524 560 2614; x_wconf 76' lang='grc' dir='ltr'><strong><em>δαεραγίας</em></strong></span> <span class='ocrx_word' id='word_1_205' title='bbox 591 2525 749 2593; x_wconf 84' lang='grc' dir='ltr'><strong><em>Θεοτόκσυ</em></strong></span> <span class='ocrx_word' id='word_1_206' title='bbox 779 2531 835 2592; x_wconf 82' lang='grc' dir='ltr'><strong><em>τοῦ</em></strong></span> <span class='ocrx_word' id='word_1_207' title='bbox 863 2526 989 2615; x_wconf 84' lang='grc' dir='ltr'><strong><em>φόρου,</em></strong></span> <span class='ocrx_word' id='word_1_208' title='bbox 1028 2529 1154 2593; x_wconf 79' lang='grc' dir='ltr'><strong><em>κάκεῖσε</em></strong></span> <span class='ocrx_word' id='word_1_209' title='bbox 1180 2531 1305 2595; x_wconf 78' lang='grc' dir='ltr'><strong><em>τελοῦσι</em></strong></span> <span class='ocrx_word' id='word_1_210' title='bbox 1333 2526 1394 2612; x_wconf 74' lang='grc' dir='ltr'><strong><em>την</em></strong></span> 
     </span>
     <span class='ocr_line' id='line_1_25' title="bbox 290 2624 1390 2714; baseline -0.004 -21"><span class='ocrx_word' id='word_1_211' title='bbox 290 2624 385 2694; x_wconf 83' lang='grc' dir='ltr'><strong><em>θείαν</em></strong></span> <span class='ocrx_word' id='word_1_212' title='bbox 401 2627 618 2713; x_wconf 60' lang='grc' dir='ltr'><strong><em>λειτουργῶν,</em></strong></span> <span class='ocrx_word' id='word_1_213' title='bbox 648 2628 705 2691; x_wconf 84' lang='grc' dir='ltr'><strong><em>καί</em></strong></span> <span class='ocrx_word' id='word_1_214' title='bbox 717 2629 941 2712; x_wconf 84' lang='grc' dir='ltr'><strong><em>στοιχηθέντος</em></strong></span> <span class='ocrx_word' id='word_1_215' title='bbox 965 2628 1022 2693; x_wconf 78' lang='grc' dir='ltr'><strong><em>τοῦ</em></strong></span> <span class='ocrx_word' id='word_1_216' title='bbox 1042 2629 1228 2714; x_wconf 75' lang='grc' dir='ltr'><strong><em>κλητωριου,</em></strong></span> <span class='ocrx_word' id='word_1_217' title='bbox 1248 2626 1390 2711; x_wconf 85' lang='grc' dir='ltr'><strong><em>γίνουται</em></strong></span> 
     </span>
    </p>
   </div>
   <div class='ocr_carea' id='block_1_3' title="bbox 364 2748 1353 2851">
    <p class='ocr_par' dir='ltr' id='par_1_10' title="bbox 364 2748 1353 2851">
     <span class='ocr_line' id='line_1_26' title="bbox 364 2748 1353 2851; baseline 0 -20"><span class='ocrx_word' id='word_1_218' title='bbox 364 2796 405 2849; x_wconf 83' lang='lat'><strong><em>¹9·</em></strong></span> <span class='ocrx_word' id='word_1_219' title='bbox 425 2772 573 2843; x_wconf 73' lang='grc' dir='ltr'><strong><em>συναπτὴν</em></strong></span> <span class='ocrx_word' id='word_1_220' title='bbox 591 2776 635 2841; x_wconf 80' lang='lat' dir='ltr'><strong><em>tt,</em></strong></span> <span class='ocrx_word' id='word_1_221' title='bbox 655 2784 814 2834; x_wconf 76' lang='grc' dir='ltr'><strong><em>συναπτεῑν</em></strong></span> <span class='ocrx_word' id='word_1_222' title='bbox 829 2776 887 2832; x_wconf 84' lang='lat' dir='ltr'>nod</span> <span class='ocrx_word' id='word_1_223' title='bbox 906 2785 935 2831; x_wconf 84' lang='lat' dir='ltr'><strong><em>et</em></strong></span> <span class='ocrx_word' id='word_1_224' title='bbox 951 2777 996 2836; x_wconf 88' lang='lat' dir='ltr'><strong><em>ed.</em></strong></span> <span class='ocrx_word' id='word_1_225' title='bbox 1067 2748 1113 2833; x_wconf 72' lang='grc' dir='ltr'><strong><em>ατ.</em></strong></span> <span class='ocrx_word' id='word_1_226' title='bbox 1132 2777 1293 2851; x_wconf 73' lang='grc' dir='ltr'><strong><em>εἰσέρχεται</em></strong></span> <span class='ocrx_word' id='word_1_227' title='bbox 1309 2776 1353 2831; x_wconf 87' lang='lat' dir='ltr'><strong><em>ed.</em></strong></span> 
     </span>
    </p>
   </div>
   <div class='ocr_carea' id='block_1_4' title="bbox 288 2914 1447 4193">
    <p class='ocr_par' dir='ltr' id='par_1_11' title="bbox 288 2914 1447 4193">
     <span class='ocr_line' id='line_1_27' title="bbox 290 2914 1392 2988; baseline -0.002 -18"><span class='ocrx_word' id='word_1_228' title='bbox 290 2916 347 2971; x_wconf 86' lang='lat' dir='ltr'>rius</span> <span class='ocrx_word' id='word_1_229' title='bbox 365 2932 382 2967; x_wconf 84' lang='lat' dir='ltr'>n</span> <span class='ocrx_word' id='word_1_230' title='bbox 399 2914 545 2979; x_wconf 80' lang='lat' dir='ltr'>mundato,</span> <span class='ocrx_word' id='word_1_231' title='bbox 571 2918 649 2987; x_wconf 87' lang='lat' dir='ltr'>signo</span> <span class='ocrx_word' id='word_1_232' title='bbox 671 2934 687 2969; x_wconf 86' lang='lat' dir='ltr'>s</span> <span class='ocrx_word' id='word_1_233' title='bbox 707 2916 865 2988; x_wconf 76' lang='lat' dir='ltr'>praeposito</span> <span class='ocrx_word' id='word_1_234' title='bbox 884 2915 959 2979; x_wconf 79' lang='lat' dir='ltr'>dato,</span> <span class='ocrx_word' id='word_1_235' title='bbox 980 2917 1082 2969; x_wconf 89' lang='lat' dir='ltr'>iterum</span> <span class='ocrx_word' id='word_1_236' title='bbox 1100 2930 1240 2985; x_wconf 86' lang='lat' dir='ltr'>egressus,</span> <span class='ocrx_word' id='word_1_237' title='bbox 1258 2932 1309 2983; x_wconf 86' lang='lat' dir='ltr'><strong><em>per</em></strong></span> <span class='ocrx_word' id='word_1_238' title='bbox 1322 2914 1392 2968; x_wconf 82' lang='lat' dir='ltr'>sini-</span> 
     </span>
     <span class='ocr_line' id='line_1_28' title="bbox 291 2985 1390 3055; baseline -0.002 -16"><span class='ocrx_word' id='word_1_239' title='bbox 291 2993 378 3039; x_wconf 88' lang='lat' dir='ltr'>strum</span> <span class='ocrx_word' id='word_1_240' title='bbox 396 2986 511 3038; x_wconf 89' lang='lat' dir='ltr'>triclinii</span> <span class='ocrx_word' id='word_1_241' title='bbox 528 2988 599 3041; x_wconf 84' lang='lat' dir='ltr'>intus</span> <span class='ocrx_word' id='word_1_242' title='bbox 613 2986 704 3039; x_wconf 82' lang='lat' dir='ltr'>velum</span> <span class='ocrx_word' id='word_1_243' title='bbox 725 2989 846 3049; x_wconf 84' lang='lat' dir='ltr'>tertium,</span> <span class='ocrx_word' id='word_1_244' title='bbox 866 2985 1034 3055; x_wconf 83' lang='lat' dir='ltr'>hegumenus</span> <span class='ocrx_word' id='word_1_245' title='bbox 1052 3003 1100 3038; x_wconf 91' lang='lat' dir='ltr'><strong><em>seu</em></strong></span> <span class='ocrx_word' id='word_1_246' title='bbox 1120 2986 1291 3038; x_wconf 80' lang='lat' dir='ltr'>monasteriis</span> <span class='ocrx_word' id='word_1_247' title='bbox 1308 3003 1390 3054; x_wconf 82' lang='lat' dir='ltr'>prae-</span> 
     </span>
     <span class='ocr_line' id='line_1_29' title="bbox 291 3055 1388 3129; baseline -0.004 -19"><span class='ocrx_word' id='word_1_248' title='bbox 291 3058 378 3111; x_wconf 80' lang='lat' dir='ltr'>fectos</span> <span class='ocrx_word' id='word_1_249' title='bbox 399 3055 518 3108; x_wconf 81' lang='lat' dir='ltr'><strong>adducit.</strong></span> <span class='ocrx_word' id='word_1_250' title='bbox 566 3058 623 3129; x_wconf 87' lang='lat' dir='ltr'>Qui</span> <span class='ocrx_word' id='word_1_251' title='bbox 652 3066 682 3110; x_wconf 89' lang='lat' dir='ltr'><strong><em>et</em></strong></span> <span class='ocrx_word' id='word_1_252' title='bbox 707 3059 761 3127; x_wconf 90' lang='lat' dir='ltr'>ipsi</span> <span class='ocrx_word' id='word_1_253' title='bbox 788 3059 903 3128; x_wconf 86' lang='lat' dir='ltr'>ingressi</span> <span class='ocrx_word' id='word_1_254' title='bbox 932 3066 961 3109; x_wconf 88' lang='lat' dir='ltr'><strong><em>et</em></strong></span> <span class='ocrx_word' id='word_1_255' title='bbox 978 3065 1020 3109; x_wconf 88' lang='lat' dir='ltr'><strong><em>ter</em></strong></span> <span class='ocrx_word' id='word_1_256' title='bbox 1037 3058 1231 3125; x_wconf 79' lang='lat' dir='ltr'><strong>Imperatorem</strong></span> <span class='ocrx_word' id='word_1_257' title='bbox 1254 3058 1388 3119; x_wconf 76' lang='lat' dir='ltr'>venerati,</span> 
     </span>
     <span class='ocr_line' id='line_1_30' title="bbox 293 3126 1387 3197; baseline -0.003 -16"><span class='ocrx_word' id='word_1_258' title='bbox 293 3143 356 3181; x_wconf 89' lang='lat' dir='ltr'><strong><em>eum</em></strong></span> <span class='ocrx_word' id='word_1_259' title='bbox 375 3126 497 3179; x_wconf 74' lang='lat' dir='ltr'>salutant</span> <span class='ocrx_word' id='word_1_260' title='bbox 522 3142 597 3181; x_wconf 88' lang='lat' dir='ltr'>more</span> <span class='ocrx_word' id='word_1_261' title='bbox 619 3138 789 3192; x_wconf 86' lang='lat' dir='ltr'>ceterorum,</span> <span class='ocrx_word' id='word_1_262' title='bbox 813 3128 862 3197; x_wconf 90' lang='lat' dir='ltr'>qui</span> <span class='ocrx_word' id='word_1_263' title='bbox 883 3137 947 3180; x_wconf 81' lang='lat' dir='ltr'>ante</span> <span class='ocrx_word' id='word_1_264' title='bbox 966 3130 1041 3197; x_wconf 80' lang='lat' dir='ltr'>ipsos</span> <span class='ocrx_word' id='word_1_265' title='bbox 1061 3126 1242 3190; x_wconf 77' lang='lat' dir='ltr'>advenerant,</span> <span class='ocrx_word' id='word_1_266' title='bbox 1269 3136 1387 3189; x_wconf 81' lang='lat' dir='ltr'>servato,</span> 
     </span>
     <span class='ocr_line' id='line_1_31' title="bbox 295 3194 1389 3269; baseline -0.003 -17"><span class='ocrx_word' id='word_1_267' title='bbox 295 3206 324 3252; x_wconf 86' lang='lat' dir='ltr'><strong><em>et</em></strong></span> <span class='ocrx_word' id='word_1_268' title='bbox 344 3194 379 3249; x_wconf 80' lang='lat' dir='ltr'><strong><em>ad</em></strong></span> <span class='ocrx_word' id='word_1_269' title='bbox 397 3196 522 3249; x_wconf 81' lang='lat' dir='ltr'>dextrum</span> <span class='ocrx_word' id='word_1_270' title='bbox 539 3198 611 3251; x_wconf 85' lang='lat' dir='ltr'>lutus</span> <span class='ocrx_word' id='word_1_271' title='bbox 636 3199 765 3269; x_wconf 73' lang='lat' dir='ltr'>digressi,</span> <span class='ocrx_word' id='word_1_272' title='bbox 787 3206 852 3267; x_wconf 83' lang='lat' dir='ltr'>post</span> <span class='ocrx_word' id='word_1_273' title='bbox 873 3199 1062 3267; x_wconf 75' lang='lat' dir='ltr'>metropolites</span> <span class='ocrx_word' id='word_1_274' title='bbox 1083 3204 1112 3250; x_wconf 85' lang='lat' dir='ltr'><strong><em>et</em></strong></span> <span class='ocrx_word' id='word_1_275' title='bbox 1136 3215 1151 3249; x_wconf 89' lang='lat' dir='ltr'><strong><em>e</em></strong></span> <span class='ocrx_word' id='word_1_276' title='bbox 1172 3200 1279 3267; x_wconf 81' lang='lat' dir='ltr'>iscopos</span> <span class='ocrx_word' id='word_1_277' title='bbox 1305 3204 1389 3249; x_wconf 82' lang='lat' dir='ltr'>stunt.</span> 
     </span>
     <span class='ocr_line' id='line_1_32' title="bbox 294 3216 1389 3341; baseline -0.005 -20"><span class='ocrx_word' id='word_1_278' title='bbox 294 3268 357 3341; x_wconf 90' lang='lat'><em>(111)</em></span> <span class='ocrx_word' id='word_1_279' title='bbox 382 3266 427 3319; x_wconf 86' lang='lat' dir='ltr'>Sic</span> <span class='ocrx_word' id='word_1_280' title='bbox 449 3268 553 3338; x_wconf 81' lang='lat' dir='ltr'>pariter</span> <span class='ocrx_word' id='word_1_281' title='bbox 571 3270 777 3322; x_wconf 81' lang='lat' dir='ltr'>cerimonisrius</span> <span class='ocrx_word' id='word_1_282' title='bbox 802 3268 1019 3321; x_wconf 81' lang='lat' dir='ltr'>referendarium</span> <span class='ocrx_word' id='word_1_283' title='bbox 1044 3266 1079 3320; x_wconf 83' lang='lat' dir='ltr'>nd</span> <span class='ocrx_word' id='word_1_284' title='bbox 1105 3216 1189 3337; x_wconf 67' lang='lat' dir='ltr'>pedes</span> <span class='ocrx_word' id='word_1_285' title='bbox 1213 3268 1389 3336; x_wconf 82' lang='lat' dir='ltr'>Imperatoris</span> 
     </span>
     <span class='ocr_line' id='line_1_33' title="bbox 293 3337 1390 3410; baseline -0.002 -20"><span class='ocrx_word' id='word_1_286' title='bbox 293 3337 459 3410; x_wconf 74' lang='lat' dir='ltr'>prosternit:</span> <span class='ocrx_word' id='word_1_287' title='bbox 487 3340 511 3390; x_wconf 87' lang='lat' dir='ltr'>is</span> <span class='ocrx_word' id='word_1_288' title='bbox 530 3356 617 3409; x_wconf 80' lang='lat' dir='ltr'>genus</span> <span class='ocrx_word' id='word_1_289' title='bbox 642 3339 782 3410; x_wconf 83' lang='lat' dir='ltr'>pedesque</span> <span class='ocrx_word' id='word_1_290' title='bbox 804 3338 956 3407; x_wconf 57' lang='lat' dir='ltr'>osculatum</span> <span class='ocrx_word' id='word_1_291' title='bbox 984 3356 1039 3410; x_wconf 89' lang='lat' dir='ltr'>qno</span> <span class='ocrx_word' id='word_1_292' title='bbox 1057 3340 1130 3391; x_wconf 78' lang='lat' dir='ltr'>facto</span> <span class='ocrx_word' id='word_1_293' title='bbox 1148 3340 1235 3409; x_wconf 83' lang='lat' dir='ltr'>surgit</span> <span class='ocrx_word' id='word_1_294' title='bbox 1253 3348 1282 3391; x_wconf 86' lang='lat' dir='ltr'><strong><em>et</em></strong></span> <span class='ocrx_word' id='word_1_295' title='bbox 1298 3340 1390 3405; x_wconf 86' lang='lat' dir='ltr'>Impe-</span> 
     </span>
     <span class='ocr_line' id='line_1_34' title="bbox 292 3407 1390 3471; baseline -0.003 -9"><span class='ocrx_word' id='word_1_296' title='bbox 292 3416 413 3462; x_wconf 74' lang='lat' dir='ltr'>ratorem</span> <span class='ocrx_word' id='word_1_297' title='bbox 439 3410 596 3464; x_wconf 75' lang='lat' dir='ltr'>oseulatur:</span> <span class='ocrx_word' id='word_1_298' title='bbox 623 3427 687 3463; x_wconf 85' lang='lat' dir='ltr'><strong><em>mox</em></strong></span> <span class='ocrx_word' id='word_1_299' title='bbox 705 3420 737 3463; x_wconf 86' lang='lat' dir='ltr'><strong><em>ut</em></strong></span> <span class='ocrx_word' id='word_1_300' title='bbox 754 3408 842 3471; x_wconf 85' lang='lat' dir='ltr'>abiit,</span> <span class='ocrx_word' id='word_1_301' title='bbox 868 3410 897 3461; x_wconf 92' lang='lat' dir='ltr'><strong><em>in</em></strong></span> <span class='ocrx_word' id='word_1_302' title='bbox 915 3409 1027 3462; x_wconf 85' lang='lat' dir='ltr'>sinistro</span> <span class='ocrx_word' id='word_1_303' title='bbox 1048 3409 1134 3461; x_wconf 81' lang='lat' dir='ltr'>intere</span> <span class='ocrx_word' id='word_1_304' title='bbox 1161 3409 1191 3462; x_wconf 90' lang='lat' dir='ltr'><strong><em>in</em></strong></span> <span class='ocrx_word' id='word_1_305' title='bbox 1209 3407 1308 3461; x_wconf 84' lang='lat' dir='ltr'>eodem</span> <span class='ocrx_word' id='word_1_306' title='bbox 1326 3424 1390 3459; x_wconf 85' lang='lat' dir='ltr'>curn</span> 
     </span>
     <span class='ocr_line' id='line_1_35' title="bbox 292 3479 1447 3553; baseline -0.004 -20"><span class='ocrx_word' id='word_1_307' title='bbox 292 3480 366 3533; x_wconf 75' lang='lat' dir='ltr'>clero</span> <span class='ocrx_word' id='word_1_308' title='bbox 393 3479 478 3548; x_wconf 83' lang='lat' dir='ltr'>grsdu</span> <span class='ocrx_word' id='word_1_309' title='bbox 504 3488 575 3544; x_wconf 86' lang='lat' dir='ltr'>stat,</span> <span class='ocrx_word' id='word_1_310' title='bbox 602 3489 631 3534; x_wconf 89' lang='lat' dir='ltr'><strong><em>et</em></strong></span> <span class='ocrx_word' id='word_1_311' title='bbox 662 3482 755 3534; x_wconf 81' lang='lat' dir='ltr'>statim</span> <span class='ocrx_word' id='word_1_312' title='bbox 782 3480 988 3533; x_wconf 81' lang='lat' dir='ltr'>cerimoniarius</span> <span class='ocrx_word' id='word_1_313' title='bbox 1015 3482 1088 3544; x_wconf 83' lang='lat' dir='ltr'>exit,</span> <span class='ocrx_word' id='word_1_314' title='bbox 1116 3481 1266 3548; x_wconf 74' lang='lat' dir='ltr'>Imperator</span> <span class='ocrx_word' id='word_1_315' title='bbox 1296 3486 1389 3530; x_wconf 84' lang='lat' dir='ltr'>nutem</span> <span class='ocrx_word' id='word_1_316' title='bbox 1438 3536 1447 3553; x_wconf 39' lang='grc' dir='ltr'><strong><em>ο</em></strong></span> 
     </span>
     <span class='ocr_line' id='line_1_36' title="bbox 292 3548 1390 3624; baseline -0.002 -23"><span class='ocrx_word' id='word_1_317' title='bbox 292 3552 452 3619; x_wconf 78' lang='lat' dir='ltr'>praeposito</span> <span class='ocrx_word' id='word_1_318' title='bbox 475 3551 581 3620; x_wconf 87' lang='lat' dir='ltr'>signum</span> <span class='ocrx_word' id='word_1_319' title='bbox 600 3550 664 3614; x_wconf 83' lang='lat' dir='ltr'>dat,</span> <span class='ocrx_word' id='word_1_320' title='bbox 693 3552 742 3624; x_wconf 93' lang='lat' dir='ltr'>qui</span> <span class='ocrx_word' id='word_1_321' title='bbox 758 3550 844 3604; x_wconf 87' lang='lat' dir='ltr'>dicit:</span> <span class='ocrx_word' id='word_1_322' title='bbox 873 3549 977 3606; x_wconf 81' lang='lat' dir='ltr'>Iubete.</span> <span class='ocrx_word' id='word_1_323' title='bbox 1020 3552 1057 3605; x_wconf 87' lang='lat' dir='ltr'><strong><em>Et</em></strong></span> <span class='ocrx_word' id='word_1_324' title='bbox 1074 3560 1221 3622; x_wconf 77' lang='lat' dir='ltr'>postquam</span> <span class='ocrx_word' id='word_1_325' title='bbox 1246 3566 1338 3601; x_wconf 86' lang='lat' dir='ltr'>omnes</span> <span class='ocrx_word' id='word_1_326' title='bbox 1358 3548 1390 3599; x_wconf 92' lang='lat' dir='ltr'><strong><em>in</em></strong></span> 
     </span>
     <span class='ocr_line' id='line_1_37' title="bbox 290 3618 1391 3692; baseline -0.004 -20"><span class='ocrx_word' id='word_1_327' title='bbox 290 3618 381 3673; x_wconf 84' lang='lat' dir='ltr'>tribus</span> <span class='ocrx_word' id='word_1_328' title='bbox 398 3620 466 3675; x_wconf 71' lang='lat' dir='ltr'>vetis</span> <span class='ocrx_word' id='word_1_329' title='bbox 484 3622 598 3692; x_wconf 84' lang='lat' dir='ltr'>ingressi</span> <span class='ocrx_word' id='word_1_330' title='bbox 624 3621 734 3687; x_wconf 83' lang='lat' dir='ltr'>abiere,</span> <span class='ocrx_word' id='word_1_331' title='bbox 763 3624 795 3675; x_wconf 91' lang='lat' dir='ltr'><strong><em>in</em></strong></span> <span class='ocrx_word' id='word_1_332' title='bbox 813 3620 940 3674; x_wconf 76' lang='lat' dir='ltr'>inferiori</span> <span class='ocrx_word' id='word_1_333' title='bbox 967 3622 1054 3675; x_wconf 80' lang='lat' dir='ltr'>intere</span> <span class='ocrx_word' id='word_1_334' title='bbox 1079 3638 1178 3674; x_wconf 75' lang='lat' dir='ltr'>aureae</span> <span class='ocrx_word' id='word_1_335' title='bbox 1201 3636 1311 3672; x_wconf 85' lang='lat' dir='ltr'>mensae</span> <span class='ocrx_word' id='word_1_336' title='bbox 1334 3633 1391 3669; x_wconf 79' lang='lat' dir='ltr'>unu</span> 
     </span>
     <span class='ocr_line' id='line_1_38' title="bbox 291 3688 1390 3763; baseline -0.004 -20"><span class='ocrx_word' id='word_1_337' title='bbox 291 3688 410 3744; x_wconf 78' lang='lat' dir='ltr'>ndstnnt.</span> <span class='ocrx_word' id='word_1_338' title='bbox 444 3693 597 3760; x_wconf 85' lang='lat' dir='ltr'>lmperntor</span> <span class='ocrx_word' id='word_1_339' title='bbox 613 3710 678 3746; x_wconf 76' lang='lat' dir='ltr'>vero</span> <span class='ocrx_word' id='word_1_340' title='bbox 698 3701 726 3746; x_wconf 89' lang='lat' dir='ltr'><strong><em>et</em></strong></span> <span class='ocrx_word' id='word_1_341' title='bbox 742 3691 898 3763; x_wconf 73' lang='lat' dir='ltr'>patriarcha</span> <span class='ocrx_word' id='word_1_342' title='bbox 917 3700 1032 3762; x_wconf 84' lang='lat' dir='ltr'>snrgunt</span> <span class='ocrx_word' id='word_1_343' title='bbox 1051 3700 1080 3745; x_wconf 89' lang='lat' dir='ltr'><strong><em>et</em></strong></span> <span class='ocrx_word' id='word_1_344' title='bbox 1096 3694 1125 3744; x_wconf 93' lang='lat' dir='ltr'><strong><em>in</em></strong></span> <span class='ocrx_word' id='word_1_345' title='bbox 1149 3691 1284 3761; x_wconf 86' lang='lat' dir='ltr'>superiori</span> <span class='ocrx_word' id='word_1_346' title='bbox 1310 3696 1390 3760; x_wconf 76' lang='lat' dir='ltr'>parte</span> 
     </span>
     <span class='ocr_line' id='line_1_39' title="bbox 290 3757 1390 3833; baseline -0.004 -20"><span class='ocrx_word' id='word_1_347' title='bbox 290 3777 390 3814; x_wconf 78' lang='lat' dir='ltr'>aureae</span> <span class='ocrx_word' id='word_1_348' title='bbox 409 3780 519 3815; x_wconf 89' lang='lat' dir='ltr'>mensne</span> <span class='ocrx_word' id='word_1_349' title='bbox 537 3760 724 3817; x_wconf 77' lang='lat' dir='ltr'>adorientem</span> <span class='ocrx_word' id='word_1_350' title='bbox 745 3765 816 3816; x_wconf 83' lang='lat' dir='ltr'>versi</span> <span class='ocrx_word' id='word_1_351' title='bbox 833 3771 920 3827; x_wconf 82' lang='lat' dir='ltr'>stant,</span> <span class='ocrx_word' id='word_1_352' title='bbox 946 3762 1061 3815; x_wconf 84' lang='lat' dir='ltr'>iubente</span> <span class='ocrx_word' id='word_1_353' title='bbox 1078 3761 1250 3833; x_wconf 77' lang='lat' dir='ltr'>patriarcha,</span> <span class='ocrx_word' id='word_1_354' title='bbox 1278 3767 1309 3811; x_wconf 90' lang='lat' dir='ltr'><strong><em>ut</em></strong></span> <span class='ocrx_word' id='word_1_355' title='bbox 1328 3757 1390 3811; x_wconf 87' lang='lat' dir='ltr'>col-</span> 
     </span>
     <span class='ocr_line' id='line_1_40' title="bbox 289 3828 1389 3905; baseline -0.003 -20"><span class='ocrx_word' id='word_1_356' title='bbox 289 3828 364 3885; x_wconf 79' lang='lat' dir='ltr'>lecte</span> <span class='ocrx_word' id='word_1_357' title='bbox 382 3831 554 3897; x_wconf 81' lang='lat' dir='ltr'>instituatur,</span> <span class='ocrx_word' id='word_1_358' title='bbox 574 3835 676 3905; x_wconf 86' lang='lat' dir='ltr'>quibus</span> <span class='ocrx_word' id='word_1_359' title='bbox 695 3835 799 3897; x_wconf 83' lang='lat' dir='ltr'>finitis,</span> <span class='ocrx_word' id='word_1_360' title='bbox 827 3833 998 3905; x_wconf 81' lang='lat' dir='ltr'>praepositus</span> <span class='ocrx_word' id='word_1_361' title='bbox 1018 3833 1104 3887; x_wconf 89' lang='lat' dir='ltr'>dicit:</span> <span class='ocrx_word' id='word_1_362' title='bbox 1121 3833 1225 3889; x_wconf 80' lang='lat' dir='ltr'>Iubete.</span> <span class='ocrx_word' id='word_1_363' title='bbox 1252 3830 1288 3883; x_wconf 85' lang='lat' dir='ltr'><strong><em>Et</em></strong></span> <span class='ocrx_word' id='word_1_364' title='bbox 1307 3844 1389 3900; x_wconf 81' lang='lat' dir='ltr'>egre.-</span> 
     </span>
     <span class='ocr_line' id='line_1_41' title="bbox 290 3898 1388 3974; baseline -0.005 -19"><span class='ocrx_word' id='word_1_365' title='bbox 290 3901 408 3955; x_wconf 88' lang='lat' dir='ltr'>diuntur</span> <span class='ocrx_word' id='word_1_366' title='bbox 425 3902 581 3957; x_wconf 81' lang='lat' dir='ltr'>sacerdotes</span> <span class='ocrx_word' id='word_1_367' title='bbox 606 3914 634 3957; x_wconf 88' lang='lat' dir='ltr'><strong><em>et</em></strong></span> <span class='ocrx_word' id='word_1_368' title='bbox 657 3903 805 3974; x_wconf 85' lang='lat' dir='ltr'>hegumeni</span> <span class='ocrx_word' id='word_1_369' title='bbox 825 3921 920 3958; x_wconf 84' lang='lat' dir='ltr'>omnes</span> <span class='ocrx_word' id='word_1_370' title='bbox 939 3904 1100 3972; x_wconf 80' lang='lat' dir='ltr'>Imperatori</span> <span class='ocrx_word' id='word_1_371' title='bbox 1123 3902 1217 3957; x_wconf 79' lang='lat' dir='ltr'>felicis</span> <span class='ocrx_word' id='word_1_372' title='bbox 1239 3898 1388 3972; x_wconf 78' lang='lat' dir='ltr'>precaturi.</span> 
     </span>
     <span class='ocr_line' id='line_1_42' title="bbox 290 3969 1385 4046; baseline -0.004 -19"><span class='ocrx_word' id='word_1_373' title='bbox 290 3972 405 4027; x_wconf 87' lang='lat' dir='ltr'>Deinde</span> <span class='ocrx_word' id='word_1_374' title='bbox 433 3976 583 4044; x_wconf 85' lang='lat' dir='ltr'>Imperator</span> <span class='ocrx_word' id='word_1_375' title='bbox 605 3984 632 4027; x_wconf 89' lang='lat' dir='ltr'><strong><em>et</em></strong></span> <span class='ocrx_word' id='word_1_376' title='bbox 669 3973 804 4028; x_wconf 81' lang='lat' dir='ltr'>atrinreha</span> <span class='ocrx_word' id='word_1_377' title='bbox 829 3972 864 4027; x_wconf 81' lang='lat' dir='ltr'><strong><em>ad</em></strong></span> <span class='ocrx_word' id='word_1_378' title='bbox 890 3975 1024 4046; x_wconf 90' lang='lat' dir='ltr'>templum</span> <span class='ocrx_word' id='word_1_379' title='bbox 1050 3974 1077 4032; x_wconf 86' lang='lat' dir='ltr'><strong><em>S.</em></strong></span> <span class='ocrx_word' id='word_1_380' title='bbox 1094 3976 1232 4045; x_wconf 80' lang='lat' dir='ltr'>Deiporne</span> <span class='ocrx_word' id='word_1_381' title='bbox 1254 3973 1284 4024; x_wconf 90' lang='lat' dir='ltr'><strong><em>in</em></strong></span> <span class='ocrx_word' id='word_1_382' title='bbox 1300 3969 1385 4041; x_wconf 78' lang='lat' dir='ltr'>pharo</span> 
     </span>
     <span class='ocr_line' id='line_1_43' title="bbox 289 3994 1386 4115; baseline -0.002 -20"><span class='ocrx_word' id='word_1_383' title='bbox 289 4040 413 4099; x_wconf 76' lang='lat' dir='ltr'>divinam</span> <span class='ocrx_word' id='word_1_384' title='bbox 432 4046 571 4115; x_wconf 76' lang='lat' dir='ltr'>liturgiam</span> <span class='ocrx_word' id='word_1_385' title='bbox 589 3994 754 4099; x_wconf 68' lang='lat' dir='ltr'>cetednturi</span> <span class='ocrx_word' id='word_1_386' title='bbox 773 4042 944 4115; x_wconf 88' lang='lat' dir='ltr'>procedunt,</span> <span class='ocrx_word' id='word_1_387' title='bbox 962 4054 991 4099; x_wconf 86' lang='lat' dir='ltr'><strong><em>et</em></strong></span> <span class='ocrx_word' id='word_1_388' title='bbox 1009 4047 1142 4100; x_wconf 80' lang='lat' dir='ltr'>instructo</span> <span class='ocrx_word' id='word_1_389' title='bbox 1161 4043 1307 4105; x_wconf 81' lang='lat' dir='ltr'>convivio,</span> <span class='ocrx_word' id='word_1_390' title='bbox 1327 4042 1386 4093; x_wconf 81' lang='lat' dir='ltr'>ser-</span> 
     </span>
     <span class='ocr_line' id='line_1_44' title="bbox 288 4112 1386 4193; baseline -0.003 -27"><span class='ocrx_word' id='word_1_391' title='bbox 288 4112 350 4168; x_wconf 80' lang='lat' dir='ltr'>enis</span> <span class='ocrx_word' id='word_1_392' title='bbox 371 4124 565 4193; x_wconf 67' lang='lat' dir='ltr'>apponuntur,</span> <span class='ocrx_word' id='word_1_393' title='bbox 582 4116 727 4189; x_wconf 79' lang='lat' dir='ltr'>ruentique</span> <span class='ocrx_word' id='word_1_394' title='bbox 745 4115 900 4172; x_wconf 79' lang='lat' dir='ltr'>sacerdotes</span> <span class='ocrx_word' id='word_1_395' title='bbox 921 4122 950 4169; x_wconf 88' lang='lat' dir='ltr'><strong><em>et</em></strong></span> <span class='ocrx_word' id='word_1_396' title='bbox 972 4112 1120 4189; x_wconf 80' lang='lat' dir='ltr'>hegumeni</span> <span class='ocrx_word' id='word_1_397' title='bbox 1142 4116 1174 4169; x_wconf 89' lang='lat' dir='ltr'><strong><em>in</em></strong></span> <span class='ocrx_word' id='word_1_398' title='bbox 1199 4112 1303 4184; x_wconf 80' lang='lat' dir='ltr'>palntio</span> <span class='ocrx_word' id='word_1_399' title='bbox 1323 4128 1386 4166; x_wconf 75' lang='lat' dir='ltr'>rna-</span> 
     </span>
    </p>
   </div>
   <div class='ocr_carea' id='block_1_5' title="bbox 0 0 1526 4825">
    <p class='ocr_par' dir='ltr' id='par_1_12' title="bbox 0 0 1526 4825">
     <span class='ocr_line' id='line_1_45' title="bbox 0 0 1526 4825; baseline 0 2"><span class='ocrx_word' id='word_1_400' title='bbox 0 0 1526 4825; x_wconf 95' lang='lat' dir='ltr'><strong><em> </em></strong></span> 
     </span>
    </p>
   </div>
  </div>
 </body>
</html>
