3042 4825
312 139 399 226 806
529 165 1188 234 CONSTANT1N11>ORPRYROGER1T1

225 396 229 407 1
310 320 361 388 κοί
376 326 521 406 κληρικοί
538 308 598 387 κοῦ
619 322 734 408 Φάρου
756 372 778 404 ,,
799 322 834 404 ε’,
873 320 905 386 οἱ
930 319 1138 400 διιοδιάκονος
1157 327 1213 409 τῆς
1240 321 1366 407 ἁγίας
1388 329 1448 390 Σι-

309 423 389 507 φίας
407 429 476 503 μιλ.
497 421 533 504 ς’,
555 419 586 487 οἱ
606 423 738 487 δικαιοί
755 425 815 486 τοῦ
835 422 1037 507 πατριάρχου
1062 430 1130 505 μιλ.
1151 423 1189 506 δ’,
1217 421 1265 488 οἴ
1293 425 1446 491 denord-

307 545 363 584 τοι
377 527 445 602 μιλ.
462 519 499 605 y’,
521 518 555 587 οἱ
573 524 631 607 τῆς
651 525 792 606 σπουδῆς
810 527 877 604 μιλ.
897 518 937 608 η’,
959 519 1070 606 οἶιτῆς
1088 527 1353 609 παρασπυυδῆς
1375 531 1445 605 μιλ.

308 619 346 700 e',
369 617 400 684 oi
421 616 601 710 σοράτοιρες
622 626 683 686 rori
703 619 906 707 πατριάρχου
927 627 995 704 pri.
1016 625 1050 704 ε’,
1072 620 1104 688 oi
1123 619 1358 707 άναγνοὸσται
1379 627 1443 688 τῶν

307 719 336 802 β
358 717 544 804 ἑβδομάδων
563 771 584 802 ,,
608 717 647 801 α’,
668 728 734 802 μιλ.
749 721 787 804 ς’,
810 719 839 785 oi
860 723 984 814 ψάλται
1004 727 1061 806 τῆς
1080 719 1172 806 άγιλις
1186 727 1337 810 Σοφίας
1352 773 1380 804 ,,
1403 720 1455 803 e',5

159 825 375 904 Edtaooprt.
397 816 433 901 ς’,
457 821 487 884 οἱ
507 819 743 906 σιἰευοφάλακες
755 871 777 902 ‚,
793 822 832 902 α’,
853 823 885 886 οἱ
905 819 1058 908 ὑπουργοί
1080 825 1136 886 τοῦ
1157 821 1346 907 νάρθηκος
1367 827 1438 902 pul.

308 915 348 1000 d'‚
382 916 412 984 oi
433 917 592 1003 άσσιάριοι
612 923 673 984 τοῦ
701 917 792 1004 άγίου
826 923 964 1007 φρέατος
995 927 1063 1004 μιλ.
1082 918 1117 1004 ε’,
1152 922 1181 986 oi
1206 921 1439 1004 βαλαντάδες

306 1024 374 1100 psi.
396 1016 429 1100 e',
460 1016 491 1083 oi
512 1020 732 1086 ἑπισκυπιανοί
749 1028 818 1103 μιλ.
839 1021 873 1102 ε’,
902 1017 921 1084 ὁ
944 1023 1129 1102 δομέστικος
1147 1024 1212 1086 τάν
1233 1016 1434 1085 ὖποδιακά-

305 1143 369 1185 νων
387 1125 457 1200 μιλ.
478 1116 515 1199 ς’,
543 1115 731 1205 ἦὲιικλῄσία
753 1123 819 1186 τῶν
838 1117 1016 1204 α’κοιμὴτων
1027 1172 1049 1203 „
1072 1119 1109 1204 y'‚
1130 1121 1152 1206 ἡ
1173 1122 1349 1205 ἐκκλησία
1372 1119 1433 1183 τοῦ

305 1219 433 1304 Κυρίρυ
455 1269 476 1300 ,,
501 1216 541 1302 α’,
578 1219 598 1303 ἡ
620 1219 769 1304 ἐκκλησία
789 1223 848 1284 τοῦ
876 1220 967 1303 ἁγίου
989 1216 1151 1307 Στεφάνου
1171 1224 1231 1286 τοῦ
1250 1219 1458 1302 innodes-1⁰
1484 1242 1485 1245 ¹

304 1321 379 1399 μίου
399 1370 420 1400 ,,
442 1314 484 1400 α’,
503 1317 524 1406 ἦ
546 1321 696 1403 ἐκκλησία
718 1322 778 1384 τοῦ
797 1323 940 1404 σωτῆρος
959 1322 1016 1384 τοῦ
1035 1323 1189 1404 σταυρίοο
1204 1372 1227 1403 ,,
1244 1318 1296 1400 α’,
1326 1318 1354 1404 ἢ
1377 1320 1429 1382 ἐκ·

303 1421 417 1502 κλησία
438 1420 503 1482 τῶν
521 1417 699 1483 Βασιλίδου
719 1467 742 1500 ,,
760 1418 804 1501 μ’,
834 1418 1025 1504 ἦέκκλησία
1045 1420 1103 1482 τοῦ
1123 1416 1214 1503 άγίου
1236 1416 1422 1503 Στεφάνου
1484 1430 1485 1447 ’

301 1519 358 1602 τῆς
377 1517 512 1603 Δάφνης
534 1567 556 1600 ,,
581 1516 620 1599 α’,
640 1517 661 1604 ἡ
682 1520 832 1604 ἐκκλησία
852 1522 910 1583 τοῦ
930 1519 1022 1601 ἁγίου
1044 1517 1173 1603 Σκρνίου
1194 1515 1253 1582 καί
1272 1517 1420 1597 Βάκχου

301 1667 322 1698 ,,
339 1615 377 1699 α’,
405 1616 597 1702 ἦέκκλησία
619 1621 675 1702 τῆς
693 1623 796 1703 μονῆς
814 1620 877 1684 τοῦ
896 1613 1080 1684 flatandum
1096 1669 1118 1700 „
1140 1616 1179 1697 α’,
1208 1613 1417 1699 ἦέκκλησάι
1484 1624 1485 1635 ’

301 1719 360 1781 τοῦ
372 1716 473 1800 Ιδινίου
498 1717 666 1801 Θεοδώρου
680 1767 702 1798 ‚,
717 1713 757 1798 α’,
786 1716 807 1802 ἦ
830 1717 979 1802 ἐκκλησία
1006 1717 1067 1781 τοῦ
1086 1715 1180 1799 άγίου
1202 1711 1448 1780 nemansensi

228 1848 232 1864 ι
300 1867 321 1897 ,,
340 1812 380 1898 α’,
413 1814 434 1900 ἦ
458 1815 601 1880 διακονία
621 1817 684 1880 τῶν
707 1818 884 1902 Ου’ρβικίου
898 1867 918 1897 ,,
937 1815 976 1899 α’,
1011 1815 1030 1900 ἦ
1054 1813 1199 1880 διακονία
1225 1818 1292 1878 τοῦ
1316 1811 1410 1896 e‘yrho

271 1913 437 1982 ΒΜυικίου
457 1966 479 1996 ,,
498 1910 538 1996 α’,
559 1913 580 1999 ἡ
603 1915 752 1998 ἐκκλησία
773 1920 834 1979 τοῦ
856 1916 950 2000 άρίου
973 1915 1169 1999 Παγχαριου
1192 1961 1213 1997 ,,
1232 1913 1277 1978 α’.
1325 1905 1411 1992 άμοῦ

296 2013 437 2100 χρυσίου
458 2063 479 2096 ,,
499 2015 557 2096 κδ,
580 2013 637 2078 καί
656 2011 711 2078 διά
731 2020 799 2096 μιλ.
822 2065 842 2097 ,‚
863 2015 897 2098 e',
915 2021 983 2096 μιλ.
1003 2009 1042 2099 η’.
1063 2017 1120 2079 καί
1138 2011 1221 2094 ὅμοῦ
1243 2011 1303 2077 διά
1324 2035 1407 2098 χρυ·

299 2112 369 2179 σίου
391 2113 446 2178 καί
463 2118 531 2195 μιλ.
552 2163 572 2194 ,,
594 2111 655 2193 κδ’,
674 2117 744 2194 μιλ.
764 2111 801 2198 η’.
839 2117 895 2179 καί
914 2113 994 2196 ὁμοῦ
1014 2111 1051 2178 τά
1074 2116 1138 2177 πᾶν
1157 2108 1242 2190 iant.
1262 2115 1352 2198 λίτρ.
1373 2104 1405 2190 ε’,
1484 2196 1485 2205 ¹

299 2264 320 2294 „
337 2210 398 2293 μζ,
431 2215 488 2277 καί
506 2212 623 2297 α’ναρρ.
643 2261 665 2292 „
693 2209 746 2294 κεζ.
789 2210 875 2279 ἔστιν
896 2216 931 2280 δὲ
952 2216 1009 2279 καί
1026 2212 1046 2300 ἦ
1068 2209 1204 2298 διανομὴ
1224 2215 1292 2279 τῶν
1317 2209 1361 2292 uf.
1378 2228 1431 2293 „²⁰

299 2313 361 2380 triv
381 2311 488 2400 ὄψικρ.
512 2313 571 2376 κου’
591 2312 758 2398 πατρικίου
780 2317 798 2352 “
818 2319 835 2352 ⁴
855 2319 873 2353 ⁶
1175 2327 1181 2336 “

296 2577 363 2628 item
387 2593 462 2629 num.
486 2595 517 2647 ¹3
546 2578 702 2648 imperiales
727 2578 821 2631 cleriei
842 2576 922 2631 Phari
940 2593 1066 2628 nummos
1085 2578 1116 2641 53
1136 2564 1344 2645 hypodiacones
1365 2573 1390 2624 S.
1484 2577 1485 2646 i

297 2645 419 2715 Sophiae
436 2648 493 2699 mii.
508 2652 539 2717 63
562 2649 660 2701 decani
678 2650 848 2719 patriarchae
867 2648 925 2699 mii.
941 2650 973 2715 λς
993 2648 1118 2716 deputati
1136 2648 1193 2699 mih
1207 2650 1243 2714 33
1263 2642 1389 2698 monachi

264 2733 272 2749 ·
297 2716 404 2785 Spudes
433 2718 489 2771 mii.
509 2721 539 2783 85
568 2718 696 2773 monachi
722 2717 889 2789 Paraspuiles
918 2720 977 2770 mii.
1000 2721 1033 2783 ὃς
1069 2727 1195 2770 stratores
1221 2716 1389 2786 patriarchae

295 2786 353 2838 mii.
372 2789 403 2855 53
426 2799 590 2859 anagnostae
608 2790 723 2844 duarum
744 2793 956 2859 septimanarum
974 2806 1047 2841 num.
1071 2807 1093 2852 ι,
1111 2790 1168 2844 mil.
1184 2792 1217 2855 ὃς
1239 2790 1346 2858 psaltae
1361 2786 1384 2835 S.
1484 2755 1486 2858 i

295 2836 416 2925 Sophiae
435 2877 509 2910 num.
533 2878 560 2925 r,
579 2861 638 2915 mil.
657 2864 689 2930 63
729 2860 941 2933 sceuophyiaees
958 2876 1033 2910 num.
1056 2877 1085 2921 ¹3
1112 2860 1232 2911 ministri
1251 2857 1385 2911 narthecia
1484 2897 1485 2930 ρ

295 2929 356 2985 mii.
375 2928 407 2996 43
429 2931 537 2983 ostiarii
554 2933 641 2983 sancti
658 2934 736 3001 putei
754 2933 811 2983 mii.
831 2935 864 2999 ὃς
895 2930 1056 2983 baiantades
1076 2929 1136 2981 mii.
1155 2932 1186 2995 λς
1218 2926 1385 2998 episeopiani

294 2998 351 3050 mil.
370 3002 404 3065 ὅς
438 3000 602 3054 domesticus
621 3000 875 3071 hypodiaconorum
900 3001 957 3051 mii
976 3004 1009 3067 6;
1046 3001 1161 3052 ecelesia
1181 3001 1383 3053 Aeoemetorum

294 3084 370 3121 nain.
391 3074 422 3135 3;
444 3074 558 3125 ecelesia
576 3073 688 3124 Domini
707 3090 782 3126 num.
805 3092 833 3140 ¹5
860 3072 975 3125 eeclesia
997 3074 1023 3124 S.
1043 3071 1178 3139 Stephani
1196 3074 1226 3123 in
1244 3074 1383 3125 circons-

294 3140 384 3193 mism.
407 3156 439 3206 r;
459 3144 573 3195 ecelesia
594 3143 742 3196 Salvatoris
762 3160 823 3195 cum
842 3144 1004 3213 cognomine
1024 3142 1128 3193 Staurii
1146 3144 1220 3192 rium.
1243 3160 1271 3205 ις
1299 3139 1382 3193 eoele-

293 3212 334 3261 sia
352 3215 512 3265 monasterii
532 3213 671 3266 Basilidas
689 3232 762 3265 uum.
785 3233 812 3281 ¹3
833 3214 947 3267 ecelesia
966 3214 992 3264 S.
1012 3210 1145 3279 Stephani
1163 3208 1293 3279 Daphnes
1312 3225 1378 3261 num.
1484 3165 1486 3282 i

297 3300 326 3349 ¹3
347 3282 460 3333 ecclesis
477 3283 503 3340 S.
523 3285 610 3351 Sergii
630 3293 657 3336 et
676 3284 775 3337 Bacchi
794 3302 868 3335 num.
893 3302 923 3349 ¹3
947 3285 1061 3335 ecelesia
1081 3283 1240 3334 monasterii
1258 3278 1377 3333 Pelecani
1484 3295 1485 3314 ι

290 3368 320 3408 11.
343 3370 369 3417 ¹3
389 3352 503 3403 ecclesia
522 3355 548 3407 S.
569 3354 709 3407 Theodori
729 3374 753 3406 n.
778 3374 806 3421 ¹3
826 3356 940 3406 ecelesia
959 3355 984 3405 S.
1004 3353 1135 3406 Callinici
1153 3370 1179 3405 n.
1205 3370 1233 3419 ις
1257 3350 1375 3405 diaconi·

290 3418 335 3471 vel
365 3422 527 3475 diaconatus
556 3434 605 3478 aut
631 3426 814 3478 ministerium
846 3426 1063 3478 ecclesiasticum
1091 3422 1252 3475 monasterii
1278 3418 1376 3475 Urbicii

287 3500 364 3542 hum-
389 3511 415 3559 ¹5
454 3494 580 3547 diaconia
601 3497 626 3548 S.
646 3497 731 3549 Moeii
754 3513 828 3548 num.
852 3514 882 3562 ¹3
916 3494 1031 3547 eeclesia
1054 3495 1079 3546 S.
1100 3493 1243 3546 Pancharii
1265 3510 1336 3545 num.
1354 3509 1372 3541 ι.

289 3560 381 3613 Haben
402 3566 568 3618 numismata
587 3567 676 3618 solida
697 3566 749 3634 ολ,
770 3577 799 3619 et
816 3568 871 3619 alia
890 3567 905 3618 5
925 3585 941 3618 e
958 3566 1116 3618 miliaresiis
1135 3565 1296 3633 computatis
1312 3578 1371 3612 eon-

289 3632 362 3687 feeta
382 3651 434 3685 una
453 3648 513 3687 eum
531 3637 588 3687 mii.
609 3638 634 3689 8.
671 3640 702 3689 ln
720 3654 825 3689 summa
846 3654 919 3687 utrm.
940 3656 983 3706 ²9¹
1003 3637 1062 3689 mii.
1082 3638 1107 3689 8.
1144 3635 1219 3688 Haec
1236 3652 1337 3687 summa
1351 3632 1373 3682 si

288 3704 519 3775 praecedentibus
537 3706 663 3769 addatur,
684 3716 804 3777 enterget
817 3725 997 3777 expansarum
1015 3723 1158 3759 uumerus:
1182 3707 1263 3758 litrae
1282 3708 1307 3769 5,
1324 3722 1372 3756 nu·

289 3776 380 3833 mism.
396 3776 440 3847 47.
476 3778 513 3829 Ut
534 3778 603 3831 aslce
628 3776 663 3830 ad
690 3780 866 3847 complendas
894 3796 941 3831 sex
965 3779 1044 3829 litras
1072 3777 1212 3845 supersint
1234 3775 1371 3830 adhaesi

237 3858 246 3869 ·
289 3846 416 3904 numism.
439 3845 519 3921 [quae
537 3848 665 3901 videntur
684 3850 847 3920 praepositis
866 3850 996 3915 cessisse3
1024 3856 1056 3899 ut
1073 3849 1176 3908 edam,
1194 3864 1266 3919 quae
1285 3849 1315 3898 in
1331 3864 1374 3899 ιο·

288 3918 446 3986 periorihus
473 3920 608 3989 computis
638 3920 830 3973 desiderantur
853 3920 889 3970 ad
908 3919 1084 3989 complendas
1109 3935 1227 3971 summas
1245 3926 1323 3981 octo,
1350 3924 1373 3967 et

291 3984 419 4056 deinceps
447 3998 553 4058 septem
577 3990 725 4064 litrsruml.
761 3992 861 4043 Fiebat
880 3999 972 4046 autem
990 3988 1152 4046 distributio
1171 3990 1311 4061 nonginta
1328 4004 1373 4045 at·

288 4058 445 4119 mismstuna
466 4061 662 4135 obsequiorum
684 4063 796 4133 patricii
813 4062 921 4120 siem
1022 4048 1037 4074 ⁶
