3042 4825
295 123 384 228 434
482 141 752 218 conserimus
780 145 1147 224 consumentium

263 303 466 390 Βέιιρύτησεν
487 307 524 370 δὲ
543 305 563 390 ἦ
584 309 647 372 soie
668 303 830 394 ῥηθέντων
848 311 1025 395 nepessinus
1044 308 1173 390 ἐξουσία
1194 307 1259 376 tirso*
1281 323 1390 378 κεντε-

290 399 478 488 ιιαιδεκύτην
497 403 597 489 μηνὸς
617 407 771 492 Μαρτίου
790 409 851 477 tot.
872 407 898 484 ς’
927 412 1026 493 μέχρι
1051 405 1245 492 Αὐγούστου
1279 434 1392 476 πεντε-

290 499 493 588 καιδεκάτης,
522 505 582 570 ind.
603 508 660 590 τῆς
677 505 795 590 αύτῆς.
833 501 968 577 Ἰουλίου
990 511 1026 572 di
1044 505 1145 591 μηνὸς
1164 510 1305 596 δευτέρᾳ,
1326 509 1389 578 ton.

290 601 424 685 ὁμοίως,
450 602 647 690 ἀνηγορεύθη
669 606 704 670 ἐν
724 614 790 683 τοῖς
809 608 864 689 τῆς
883 607 1039 692 ἀνατολῆς
1057 609 1188 693 μέρεσιν
1209 606 1227 672 ύ
1249 604 1389 691 εύσεβης

287 700 343 768 καί
370 698 574 788 φιλύχριστος
594 701 744 784 βασιλεύς
775 704 866 788 ἡμῶν
887 698 1070 792 Νικηφύρος
1097 706 1187 790 nupsi
1217 708 1274 772 τού
1300 702 1413 772 ι’ύιουό
1424 789 1429 797 ·

288 802 506 884 στρατοπέδου
528 801 680 884 βασιλεὺς
711 803 895 886 ‘Pannonian
937 806 972 869 ἐν
992 803 1161 893 Καισαρίᾳ
1180 804 1242 890 γὰρ
1268 808 1309 894 τῇ
1327 809 1388 872 νῦν

248 895 252 908 '
286 901 344 983 τῆς
366 901 592 964 Καππαδοκῶν
613 903 771 986 ἐπαρχίας
800 903 836 968 ἐν
868 904 913 992 τῷ
932 904 1065 993 κάμπιρ,
1084 903 1262 990 μαγίστρου
1284 897 1388 968 siros

291 988 380 1073 ὄντος
410 999 466 1062 κατ’
498 998 683 1079 depressisse
705 1005 769 1066 τῶν
789 1004 933 1084 σχολῶν,
968 1006 1181 1086 συναχθέντες
1212 1000 1327 1078 αύντες
1354 1000 1387 1066 οἱ

148 1093 466 1182 Ειλ.λ,.υ5οστρατηγοί
484 1101 539 1162 καί
559 1095 599 1164 τύ
621 1098 778 1182 τάγματα,
799 1095 1013 1186 ἀνηγόρευσαν
1033 1098 1130 1168 nisis
1149 1101 1293 1184 βασιλέα.
1328 1103 1387 1166 τοῦ

150 1196 328 1280 &nequii
347 1192 393 1279 μὴ
414 1197 630 1279 βουλομένου,
654 1195 734 1262 ἀλλά
756 1196 837 1284 πρὸς
857 1196 912 1264 τύν
932 1198 1070 1281 πόλεμον
1091 1204 1155 1267 τῶν
1172 1201 1432 1284 Ἰσμαηλιτῶιιο

287 1292 537 1369 ἐπισπεύδοντος
558 1295 613 1360 καὶ
643 1293 700 1361 riv
720 1295 795 1362 λαὸν
816 1300 863 1375 εἰς
882 1300 977 1364 τούτο
1000 1302 1269 1386 προτρεπομένου,
1292 1298 1390 1363 edroi

285 1393 406 1474 μᾶλλον
427 1391 618 1470 σπεύσαντες
640 1399 697 1486 βίᾳ
719 1397 775 1461 καί
797 1395 843 1482 μὴ
871 1397 1064 1481 βουλόμενον
1083 1401 1120 1465 ἐκ
1140 1401 1196 1482 τῆς
1217 1401 1326 1480 τέντης
1346 1392 1387 1459 ὖ·

285 1489 451 1574 ψαύσαντες
472 1491 689 1579 ἀνηγόρευσαν
710 1495 811 1562 αύτὸν
832 1501 985 1580 βασιλέα.
1027 1491 1066 1562 ού
1085 1495 1151 1582 μὴν
1172 1499 1209 1562 δέ
1230 1496 1387 1584 ἐφύρεσεν

285 1593 409 1671 στέμμα
432 1585 453 1676 ἢ
474 1584 573 1677 ἀλλην
592 1590 661 1658 τινά
682 1595 844 1677 βασιλειαν
864 1600 1009 1681 ἐσθῆτα,
1043 1596 1074 1660 εἶ
1091 1594 1136 1680 μη
1167 1591 1265 1678 μόνον
1292 1591 1333 1658 τύ
1350 1589 1388 1658 ύ-

283 1691 456 1773 σιοδὴμαια
477 1691 649 1770 ἐναλλάξας
671 1692 799 1776 ῥούσεα,
823 1686 893 1776 ἦτοι
915 1693 1054 1759 κόκκινα.
1096 1690 1252 1759 ἀκουστὸν
1273 1695 1427 1774 dire-15
1476 1736 1485 1752 ·

283 1787 374 1872 γονὸς
393 1793 485 1854 τοῦτο
507 1792 601 1878 ἐν’τῇ
629 1792 719 1854 πόλει
726 1841 737 1870 ,
772 1791 937 1875 ἐταράχθη
963 1791 980 1855 ύ
1002 1792 1285 1876 παρακοιμύμενσς
1312 1790 1383 1857 Ἰω-

287 1885 371 1972 σὴφ,
401 1889 457 1952 καί
487 1883 646 1974 ἀνταίρων
667 1887 875 1975 ἐφιλονείκει,
896 1887 953 1952 καί
973 1888 1225 1973 παρεσκευάζετο
1248 1882 1384 1954 ἀντιπα-

260 1984 492 2070 Βρατύξασθαι
512 1991 554 2076 τῷ
575 1983 707 2054 ἄνακτι.
750 1985 770 2050 ὅ
791 1989 830 2052 δέ
848 2011 885 2070 γε
904 1985 1055 2069 βασιλεὺς
1076 1985 1259 2074 Νικηφόρος
1277 1990 1384 2074 γράμ-

283 2107 383 2166 μασιν
404 2085 534 2170 ἡμέροις
552 2084 717 2172 χρώμενος
737 2082 819 2172 πρὸς
840 2083 956 2168 αύτόν,
989 2089 1176 2168 ἐξέπεμπεν,
1198 2083 1256 2170 τη“ν
1277 2082 1381 2171 αύτην

266 2179 380 2259 ιδύξαν
402 2179 488 2271 αύτῷ
507 2183 592 2267 ἔχειν
613 2183 865 2268 ὑπισχνούμενος
884 2185 939 2249 καί
958 2181 1054 2266 τιμάς
1074 2188 1211 2262 πλείους.
1246 2187 1301 2250 καί
1319 2183 1421 2270 sirau

284 2280 457 2367 σύγκλητον
485 2287 529 2371 τῷ
561 2281 660 2374 ύμοίιρ
690 2283 797 2374 τρόπῳ
826 2286 1012 2369 ἐδηλοποίει.
1052 2281 1127 2352 ddi
1148 2282 1296 2362 πολλάκις
1314 2294 1379 2361 τοῖς

283 2482 387 2539 llorum
406 2492 526 2555 potestas
546 2485 632 2538 valuit
658 2502 674 2541 a
702 2485 776 2539 dicta
802 2484 848 2538 die
871 2485 1086 2556 decimaquinta
1104 2487 1196 2538 lllartii
1214 2485 1377 2543 indictionis

283 2566 377 2617 sertae
407 2574 493 2628 usquc
518 2555 552 2609 ad
577 2556 651 2609 diem
677 2555 811 2609 decimam
830 2557 960 2625 quintam·
973 2557 1086 2627 Augusti
1106 2556 1229 2607 ciusdem
1248 2556 1378 2611 indictio·

284 2630 336 2683 uis.
384 2626 508 2679 Secunda
535 2642 599 2679 vero
627 2626 692 2679 lulil
719 2626 765 2679 die
793 2626 953 2678 indictionis
973 2626 1096 2678 eiusdem
1118 2627 1328 2695 nuncupabatur
1345 2627 1376 2679 iu

263 2696 410 2768 ¹pertibus
440 2698 561 2751 Orientis
585 2698 733 2765 Imperator
759 2699 940 2749 Romanorum
971 2696 1006 2747 ab
1036 2698 1156 2748 exercitu
1183 2714 1232 2751 suo
1256 2699 1318 2767 pius
1347 2705 1376 2749 et

189 2798 193 2809 ·
286 2767 388 2821 Christi
407 2784 498 2820 amans
518 2768 651 2821 Dominus
670 2776 764 2819 noster
781 2766 960 2835 Nicephorus.
987 2765 1067 2833 Apud
1090 2764 1247 2818 Caesaream
1265 2783 1374 2837 nempe,

285 2854 354 2907 qune
373 2855 446 2889 nunc
465 2836 501 2889 Cn
522 2838 655 2907 pndocum
683 2838 872 2908 praefecturae
898 2842 1075 2899 accensetur,
1094 2838 1248 2906 cougregati
1266 2840 1296 2889 in
1316 2836 1374 2906 [ur-

283 2906 347 2978 bis]
375 2924 470 2975 cnmpo
496 2854 577 2959 «buces
604 2906 771 2979 ordinesque
797 2909 929 2959 militares
950 2900 1050 2958 omncs‘
1069 2908 1266 2977 nuncupabant
1284 2908 1374 2978 ipsum

283 2978 493 3047 Imperatorem,
511 2986 568 3029 tum
588 2980 718 3044 temporis
737 2979 860 3047 magistri
877 2984 905 3029 et
922 2975 1064 3031 domestici
1083 2975 1236 3029 scholarum
1255 2976 1374 3046 dignita·

284 3056 312 3101 te
332 3050 516 3117 conspicuum.
555 3048 725 3117 llepudlahat
751 3048 862 3119 quidem
881 3046 988 3099 oblatos
1006 3046 1139 3109 honores,
1158 3056 1189 3099 ut
1206 3049 1250 3099 cui
1268 3048 1373 3100 bellum

284 3136 346 3171 cum
364 3118 509 3169 ismaelitis
528 3136 609 3171 curae
636 3121 720 3186 magis
740 3128 770 3169 et
787 3119 862 3171 cordi
880 3127 967 3183 esset3
987 3120 1016 3169 in
1035 3116 1110 3187 quod
1128 3118 1188 3185 ipse
1205 3134 1307 3187 pronus
1327 3120 1372 3170 in·

284 3188 413 3241 cumberto
438 3206 500 3239 ιιιοι
527 3191 609 3243 etiam
637 3191 735 3241 acriter
761 3188 915 3258 instigabat.
958 3188 1002 3239 llli
1020 3196 1111 3239 autem
1129 3205 1161 3239 eo
1181 3190 1265 3258 magis
1284 3190 1371 3240 inste·

284 3258 365 3323 bant,
385 3264 546 3329 raptumque
573 3260 600 3309 vi
619 3252 650 3311 et*
665 3260 783 3311 invitum
809 3258 980 3321 etentorio,
1004 3258 1122 3309 levatum
1141 3266 1232 3321 scuto,
1251 3260 1371 3327 lmpcrn-

283 3338 370 3381 torem
394 3328 606 3397 proclamabant.
652 3328 748 3399 Neque
773 3336 864 3381 umen
887 3337 944 3380 tum
971 3327 1084 3397 quidem
1108 3335 1156 3380 eut
1179 3344 1304 3380 eoronam
1323 3336 1370 3380 sut

270 3392 366 3453 'alium
384 3398 553 3469 imperialem
572 3408 698 3451 ornatum
718 3399 892 3462 assumebat,
911 3406 1055 3451 contentus
1074 3400 1262 3450 coccineorum
1281 3398 1371 3450 calce·

283 3462 358 3523 orum
380 3488 438 3523 usu.
475 3470 540 3521 Eius
560 3471 600 3522 rei
620 3470 739 3521 famant
761 3471 789 3522 in
809 3467 908 3521 Urbem
935 3469 1073 3538 persenit,
1100 3466 1276 3520 veliementer
1295 3469 1371 3520 lose-

281 3540 367 3611 pltum
394 3540 579 3592 accubitorem
608 3542 706 3592 terruit
732 3546 759 3591 et
777 3540 812 3592 ad
829 3556 939 3609 magnos
958 3538 1079 3591 edendos
1099 3539 1232 3590 tumultus
1249 3538 1368 3607 impulit

283 3610 448 3679 opponebat
465 3610 538 3661 enlm
557 3627 586 3663 se
605 3612 722 3665 Domino
743 3608 918 3680 {Nicephorol
939 3626 972 3660 ex
996 3610 1174 3663 contentione
1194 3617 1222 3660 et
1238 3609 1369 3661 ambitio-

281 3698 336 3741 nc,
355 3683 435 3751 eique
456 3680 625 3751 profligando
645 3688 673 3732 et
692 3680 809 3733 arcendo
829 3698 858 3732 se
877 3679 1058 3748 comparabat.
1093 3678 1189 3750 Neque
1208 3678 1370 3748 proficiebat

281 3750 453 3819 Nicephorus
472 3754 548 3822 Imp,
566 3750 684 3803 blandas
703 3753 807 3803 litteras
826 3751 860 3803 sd
880 3752 970 3820 ipsum
988 3765 1100 3803 exarans
1118 3759 1148 3802 et
1165 3750 1288 3812 mittens,
1305 3751 1368 3819 qui·

271 3820 332 3893 ,bus
352 3822 551 3890 pollicebatur,
578 3822 649 3873 velle
676 3822 729 3892 ipsi
747 3821 908 3891 dignitatem
934 3838 1011 3873 suam
1040 3836 1198 3873 conservare
1218 3828 1316 3872 sartum
1340 3827 1369 3872 et

281 3899 380 3945 tectam
406 3900 434 3945 ct
451 3890 576 3961 pluribus
602 3910 712 3964 quoque
731 3890 883 3948 honoribus
902 3892 991 3961 ipsum
1009 3892 1153 3941 cumulare.
1193 3888 1320 3958 (Senatui
1338 3890 1368 3942 in

282 3964 397 4015 candem
420 3964 583 4017 sententiam
609 3962 813 4033 perscribebat,
837 3962 871 4015 dc
896 3978 965 4015 nova
989 3978 1038 4013 sua
1065 3961 1174 4013 fortuna
1191 3960 1366 4030 significans)

267 4030 411 4105 'Iosephus
434 4040 524 4087 autsm
550 4036 671 4104 quamvis
696 4033 803 4105 saepius
829 4030 927 4085 iisdem
946 4030 1180 4089 insinuationibus
1194 4030 1368 4093 admonitus,
1439 4066 1452 4081 ,
