3042 4825
316 224 372 288 ne
400 216 598 288 eunruou.
628 215 766 284 runnu
792 218 963 284 namur.
993 224 1035 284 u.
1055 224 1110 294 ιι,
1179 192 1258 308 59¹

167 379 298 466 Kopion
312 364 429 461 Ἰησοῦ
448 376 614 464 Χριστοῦ,
635 375 786 460 έτελέσδη
815 371 837 459 ἦ
856 368 953 462 ἑορτὴ
970 372 1053 442 κατά
1071 374 1129 443 τὸν
1149 378 1185 455 ἐξ
1204 368 1272 463 ἄρ.

161 478 273 562 χυίαν
299 475 425 562 χρόνων
460 472 791 560 παρακολουθήσαντα
817 469 916 538 τόπου
943 473 1063 560 σιδτῆς,
1097 472 1180 562 πλὴν
1208 477 1265 544 διά

165 575 244 654 τούς
265 577 380 662 φίλους
400 571 610 662 Σοραυρνοδς
630 570 792 661 έφόρισαν
822 571 854 638 οἱ
878 577 1022 656 βασιλεῖς
1039 572 1114 652 rods
1130 574 1265 663 λάρους,
1290 605 1295 612 ’

165 673 385 758 βαστάσαντες
406 677 462 740 καί
481 671 558 750 τοῦς
579 671 738 761 οταυροάς
757 675 814 738 καί
831 670 892 750 τάς
911 669 1054 752 οἷκακίας.
1096 672 1127 740 οἱ
1147 678 1185 742 δέ
1202 677 1268 756 μά-

142 783 292 861 ἕχιστροι
311 776 368 840 καί
385 767 567 840 ἀνθύπατοι
586 775 644 838 καί
661 773 823 860 πατρίκιοι
839 770 1001 861 έφέροσαν
1021 776 1078 839 καί
1087 767 1182 842 edroi
1192 772 1268 853 τούς

165 871 302 960 λάρους,
324 873 364 940 οδ
383 879 495 957 μέντοι
517 873 554 938 δέ
573 873 754 949 oeensibus
773 865 796 958 ἢ
816 871 952 950 άιιαιαοις
971 871 1177 957 έβάοτασανι
1216 875 1268 954 έξ-

164 975 267 1058 queas
294 975 334 1039 δέ
362 971 419 1039 ms*
446 970 553 1039 πάντα
580 970 621 1038 τά
643 971 739 1058 σκεύη
761 969 820 1038 καί
839 974 1019 1054 summas
1036 971 1120 1040 κατά
1137 971 1175 1042 τά
1195 975 1271 1041 εἰοι-

163 1068 232 1155 aig,
252 1065 325 1160 ἤτοι
347 1072 366 1138 o‘
383 1073 484 1159 μέγας
504 1068 655 1159 σταυρὸς,
676 1070 697 1157 ἧ
717 1072 778 1136 τοῦ
798 1074 948 1150 Μωσέως
968 1070 1102 1159 ῥάβδος,
1122 1071 1165 1138 τά
1182 1072 1272 1142 ‘Poo-¹

162 1180 248 1254 μαῖα
266 1174 422 1260 σκῆπτρα,
452 1171 492 1240 τά
514 1175 637 1256 πτυχία
657 1169 713 1235 καί
732 1164 793 1236 ὅσα
814 1175 911 1258 ἕτερα
936 1175 972 1238 έν
990 1174 1037 1261 τῷ
1054 1175 1113 1238 τοῦ
1133 1171 1295 1258 napitas>

124 1266 350 1343 ιοᾶπόιιεινιαι
368 1273 444 1364 ναῷ.
484 1265 566 1338 οἰλλά
585 1269 643 1337 καί
663 1267 694 1335 oi
715 1267 847 1355 ψάλται,
869 1265 1080 1338 άποστολίται
1100 1271 1157 1338 καί
1179 1261 1282 1356 οἱχιο-’

164 1381 307 1460 σοφῖται,
327 1377 469 1458 συνῆσαν
486 1379 553 1448 τοϊς
568 1368 680 1454 δήμοις
698 1369 733 1435 έν
753 1377 825 1444 ταῖς
841 1371 954 1454 δοχαῖς
967 1364 1195 1456 εὐφημοῦντες,
1213 1375 1271 1458 δη..

163 1473 274 1544 λονάτι
292 1472 331 1540 τά
353 1467 579 1559 προρρηθέντα
603 1473 639 1534 έν
659 1473 701 1557 τῇ
722 1469 806 1557 δοχῇ
827 1473 1004 1556 φοροῦντες
1024 1468 1196 1553 άλλάξιμα.
1229 1471 1267 1536 τά

164 1575 204 1644 δὲ
222 1571 465 1662 τριβουνάλιον,
487 1572 523 1636 ἒν
543 1559 572 1660 ᾧ
588 1565 672 1633 κατά
692 1567 793 1634 τέπον
812 1571 956 1634 ἵστανται
974 1566 1006 1632 οἱ
1026 1571 1117 1657 patos
1136 1573 1193 1635 καί
1209 1574 1268 1635 δυ·

162 1677 305 1763 ιορυῧσιν
323 1670 380 1738 τὸν
399 1669 554 1755 βασιλέα,
576 1665 722 1744 άπιόνιος
742 1669 778 1732 ἐν
797 1668 843 1756 τῷ
861 1669 1023 1757 προιένσιρ
1043 1671 1102 1753 τῆς
1120 1667 1415 1756 έκκλησιὶλαιλαςσ

125 1777 205 1850 ιΞας
224 1770 281 1838 καί
299 1770 397 1836 πάλιν
417 1770 697 1855 ὑποστρέφοντος,
734 1767 917 1853 έξιοπλέσδιρ
945 1764 1027 1832 κατά
1048 1765 1106 1854 τὴν
1124 1768 1270 1855 προρβηη

164 1875 280 1938 θεῖσαν
298 1871 355 1956 τῆς
376 1868 476 1952 δοχῆς
494 1865 677 1962 ἐξόπλισιν.Ι
714 1863 733 1930 ὅ
764 1867 801 1931 δέ
827 1868 884 1951 τῆς
913 1866 1008 1950 άχίας
1026 1863 1151 1954 Σοφίας
1168 1870 1269 1952 μέγας

164 1969 245 2047 ναὸς
264 1967 444 2052 έξιοπλάιδη
465 1963 545 2032 κατά
565 1963 603 2032 τά
624 1962 741 2056 οίιυθός
760 1967 820 2030 τοῦ
840 1963 971 2050 πάσχα.
1011 1967 1058 2043 τίς
1082 1968 1119 2031 δέ
1146 1964 1188 2032 ’τά
1209 1994 1269 2034 aa«

164 2067 356 2156 τηχοάμενα,
383 2059 481 2153 ἤγουν
502 2057 626 2132 άνοοθεν
645 2069 708 2131 τῶν
727 2067 904 2148 βασιλικῶν
923 2068 1046 2149 πυλῶν,
1067 2065 1269 2153 έιιριμάσδρι

164 2191 227 2236 σαν
246 2165 286 2234 τά
305 2169 417 2254 χρυσᾶ
434 2169 519 2252 βῆλα
536 2168 599 2231 τοῖν
619 2164 734 2231 κιόνων
753 2167 811 2230 τοῦ
842 2163 996 2251 κιβωρίου
1017 2164 1075 2230 καί
1097 2168 1189 2252 ἕτερα
1207 2170 1269 2252 βῆυ

122 2273 206 2340 notor
226 2266 284 2334 καί
301 2264 433 2334 ένδυταί
451 2266 515 2332 α’πό
535 2289 570 2330 τι
589 2267 644 2351 τῆς
665 2264 757 2348 ἁγίας
774 2263 898 2350 Sopita
917 2263 973 2330 καί
987 2267 1045 2351 τῆς
1065 2270 1139 2343 νέας
1158 2269 1268 2352 ἐκκλη-

164 2369 255 2448 σίας·
298 2367 380 2433 attat
401 2367 457 2431 καί
474 2365 627 2431 άλυσίδια
649 2365 783 2431 nisinen
803 2360 868 2428 α’πδ
896 2363 1062 2452 διαφόρων
1080 2369 1412 2453 &autumabam

162 2468 220 2537 καί
238 2467 277 2537 τά
298 2472 355 2555 τῆς
367 2470 449 2545 ’νέας
469 2460 573 2531 πάντα
593 2462 718 2549 μεγάλα
734 2461 966 2550 πολυκάνδηλα·
987 2465 1071 2531 α’λλά
1090 2467 1147 2532 καί
1165 2471 1264 2550 στέμ-

161 2596 249 2655 ματα
265 2565 321 2636 καί
340 2566 483 2655 διάφορα
497 2562 700 2653 ἐργομυάκια,
719 2564 900 2650 σιαυρυίτε
914 2575 1039 2652 χρυσοῖ
1054 2564 1196 2634 διάλιθοι
1208 2570 1265 2638 καί

164 2788 277 2844 remotis
295 2787 469 2857 temporibus
486 2785 644 2841 traductum
664 2786 763 2851 ritum,
791 2786 847 2837 nisi
872 2784 948 2858 quod
967 2786 1080 2841 Domini
1097 2788 1128 2841 in
1146 2792 1263 2860 gratiam

164 2860 362 2915 Saracenorum
385 2858 527 2927 hospitum
544 2857 618 2909 loros
637 2873 766 2927 corpore,
791 2868 883 2909 eruces
900 2866 929 2910 et
944 2859 1048 2910 nescias
1067 2860 1194 2915 manibus
1212 2880 1263 2933 ge.

164 2931 282 2985 stabant.
319 2928 444 2999 Magistri
468 2935 560 2979 autem
578 2934 607 2979 et
623 2928 803 2997 proconsules
821 2934 851 2979 et
865 2930 976 2997 patricii
995 2930 1141 2998 gestabant
1161 2935 1262 3003 stipsi

164 3018 277 3074 qnoque
295 3002 385 3064 loros,
409 2998 517 3069 absque
542 3007 635 3050 tamen
653 2997 825 3068 scipionibus
844 3007 874 3051 et
890 2998 996 3073 ubsque
1012 3002 1119 3055 nesciis.
1155 3004 1263 3057 Produ-

164 3072 298 3125 eebantnr
315 3086 396 3123 seeue
417 3088 465 3123 seu
483 3084 547 3120 unm
565 3069 686 3138 pretiosa
706 3076 735 3120 et
752 3068 889 3140 reliquiae
908 3071 1088 3137 Sanctorum,
1113 3077 1206 3127 omnia
1230 3077 1262 3131 in

163 3141 300 3213 obsequio
317 3158 368 3209 pro
387 3157 464 3197 more
482 3150 630 3203 consueto,
655 3147 687 3191 ut
704 3156 801 3210 magna
819 3158 903 3205 crux,
929 3144 1004 3212 virga
1027 3144 1130 3208 Musis,
1154 3155 1261 3216 sceptra

162 3216 232 3285 [seu
247 3212 371 3281 vexilla]
389 3214 527 3275 Romana,
545 3208 673 3279 eutychia
692 3210 755 3279 [vel
773 3211 850 3279 signa
867 3211 1022 3285 Fortunae}
1041 3223 1070 3268 et
1082 3214 1155 3267 eliae
1173 3234 1262 3289 quae·

162 3298 276 3355 cunque
291 3282 428 3353 reliquisse
445 3282 476 3335 in
492 3284 596 3352 templo
615 3282 728 3333 Domini
748 3280 898 3350 depositae.
939 3283 1061 3337 Aderant
1081 3303 1142 3340 cum
1160 3288 1260 3342 sactio-

161 3354 247 3407 nibus
265 3354 373 3423 psnitae
390 3354 557 3422 spostoiitae
577 3360 606 3404 et
623 3350 833 3423 hagiosopbitae
851 3352 908 3418 ibi,
935 3353 986 3407 ubi
1006 3361 1178 3409 transeuntes
1198 3360 1259 3411 Do·

161 3428 252 3479 minos
274 3424 395 3477 salutare
421 3423 503 3477 bonis
527 3422 618 3477 verbis
642 3432 671 3475 et
688 3420 813 3475 venerari
830 3440 891 3474 mos
908 3433 965 3490 est,
982 3425 1072 3479 inusta
1090 3427 1146 3480 illis
1165 3430 1259 3483 aocla-

162 3506 267 3549 msntes
290 3504 320 3549 et
336 3494 430 3549 induti
447 3495 604 3549 mutatoriis
621 3493 740 3556 iisdem,
757 3510 830 3564 quae
847 3495 910 3546 illos
928 3496 959 3547 in
978 3502 1141 3566 exceptione
1154 3500 1260 3568 legato—

161 3584 222 3621 rum
242 3576 362 3635 gestasse
385 3574 467 3623 antea
494 3565 662 3619 dicebamus.
707 3562 859 3629 Tubunas,
888 3566 919 3617 in
944 3583 999 3638 quo
1018 3574 1090 3619 stare
1108 3572 1211 3624 amieos
1230 3582 1260 3628 et

161 3648 285 3707 spectus
302 3638 498 3709 Imperatorem
515 3654 574 3691 mos
593 3644 650 3701 est,
669 3643 727 3687 tam
743 3633 781 3686 ad
798 3635 942 3688 ecelesiam
960 3639 991 3690 in
1000 3640 1175 3707 processione
1190 3660 1260 3695 eun-

161 3718 233 3774 tem,
254 3726 339 3781 qnam
355 3708 422 3762 inde
440 3710 617 3771 redeuntem,
637 3715 798 3759 exornatum
817 3718 876 3761 erat
890 3707 987 3761 'eodem
1001 3708 1099 3774 modo,
1117 3729 1172 3782 qno
1185 3713 1259 3768 dini-

162 3796 223 3831 mus
241 3780 270 3833 iu
288 3782 451 3851 exeqatione
466 3797 568 3834 eorum.
604 3776 735 3847 Magnum
743 3778 769 3831 S·
779 3777 899 3849 Sophiae
913 3780 1046 3849 ternplum
1061 3791 1189 3836 ornatum
1199 3793 1259 3838 erat

163 3850 308 3915 eomodo,
326 3870 382 3923 quo
398 3852 470 3905 solet
487 3866 536 3921 per
553 3849 654 3903 festum
667 3846 806 3919 paschatis
828 3865 896 3902 esse.
932 3851 965 3902 ln
985 3850 1187 3906 catechumenis
1209 3871 1259 3907 seu

163 3938 248 3989 supra
270 3930 376 3990 portem
394 3924 497 3992 regiam
520 3938 652 3990 suspensa
678 3930 758 3973 erunt
775 3936 859 3972 aurea
872 3920 934 3973 vela
949 3922 1139 3975 columnarum
1159 3926 1259 3979 ciborii

163 3990 276 4061 aliaque
295 3992 355 4044 vela
375 4002 404 4047 et
422 3994 550 4055 instrata,
577 3999 633 4043 tam
650 4008 665 4042 ο
681 3992 708 4047 S.
726 3991 829 4060 Sophia
845 4008 928 4064 quarn
947 4009 981 4045 ex
997 3994 1192 4049 novaecclesin
1208 4012 1259 4067 pe-

164 4063 229 4123 tita;
248 4062 314 4113 item
325 4071 437 4115 catenae
449 4064 531 4117 variis
547 4080 581 4115 ex
594 4062 717 4115 ecelesiis
730 4060 903 4131 depromas,
920 4062 1050 4134 equibus
1063 4064 1259 4135 dependebant

163 4146 261 4213 magna
279 4148 366 4195 novae
385 4134 518 4191 eeclesias
535 4134 731 4207 polycandela5
749 4134 818 4187 item
835 4134 942 4190 msulae
961 4144 990 4190 et
1008 4136 1085 4195 saria
1102 4138 1257 4211 ergomncia
