3042 4825
234 169 321 274 428
439 199 710 266 cousrau'rrru
739 203 1104 272 rournrnoeaurrr

232 351 368 434 στέψαι·
410 345 639 440 όπηρέσθησαν
667 359 702 422 di
730 356 761 423 oi
787 359 1021 445 ε’ξκοοβέτορες,
1053 359 1111 426 καί
1139 357 1323 436 ἐπελθόντες

232 455 436 518 κατέσπασαν
457 449 571 536 αὐτόν,
606 458 662 521 καὶ
690 453 820 536 ἔμελλον
838 462 898 539 μὲν
918 461 974 523 καί
990 453 1152 545 όναιρεΐν,
1180 453 1324 543 εόρεθεός

202 551 270 624 ccii
290 549 307 616 ό
326 551 550 634 εὐσεβέστατος
571 552 723 638 δεσπότης
751 554 987 638 Ἰουστινιανός,
1017 561 1192 643 τηνικαῦτα
1212 558 1323 620 κανόι-

232 648 328 726 όότος
347 642 411 731 ῶν,
437 649 598 736 ἐρ’ῥόσατο
621 648 730 734 αὐτόν,
766 657 823 719 καί
851 654 1088 739 παρεσκεύασεν
1115 655 1213 720 αὐτόν
1242 679 1322 736 πεμ-

230 751 353 836 φθῆναι
374 749 420 823 εἷς
450 746 486 813 τό
518 747 698 832 έξκοόβιτον
730 756 787 819 κατ’
814 757 1042 838 φυλαχθῆναι.
1083 749 1258 838 ἧνόγκαζον
1286 754 1342 826 όὲὸ

232 846 348 924 πάντες
368 846 398 912 oi
428 848 642 934 έξκουβίτορες
673 847 771 916 αότόν
797 847 1021 919 Ἰουστινιανόν
1049 851 1106 918 τόν
1133 854 1251 936 εόσεβῆ
1269 875 1322 936 γε·

230 951 344 1014 νέσθαι
374 949 528 1030 βασιλέα.
571 945 590 1012 ό
622 949 658 1013 δέ
687 951 909 1038 παρῃτήσατο·
951 955 1031 1015 καθ’
1052 950 1182 1017 ἕκαστον
1202 951 1238 1015 δὲ
1261 953 1324 1015 τῶν

231 1041 471 1126 ὀνομαζομένων
490 1043 621 1130 ἔκρουον
640 1047 685 1123 εἷς
712 1046 772 1124 τοὶς
792 1048 898 1134 θύρας
919 1048 978 1126 τός
998 1052 1234 1138 ἐλεφαντίνους,
1268 1051 1322 1134 ζη-

230 1148 357 1219 τοῦντες
376 1142 464 1229 παρὰ
493 1149 558 1211 τῶν
592 1146 859 1232 κουβικουλαρέων
876 1149 911 1214 τό
940 1151 1050 1234 σχῆμα
1069 1153 1130 1215 τοῦ
1148 1151 1324 1233 βασιλέως·

232 1231 262 1307 o'i
284 1245 320 1308 dd
340 1241 508 1320 duodenae
531 1242 571 1310 τό
595 1241 733 1327 ὀνόματα
761 1251 825 1312 τῶν
845 1251 1107 1332 προβαλλομένων
1131 1244 1190 1313 ocia
1203 1242 1360 1314 ’ἕπέόολο

198 1361 301 1414 nour.
320 1347 501 1408 τελευταῖον
522 1338 578 1410 οὖν
599 1342 629 1408 oi
649 1351 852 1432 συγκλητικοὶ
870 1349 983 1424 πάντες
1004 1346 1172 1432 αἱροῦνται
1190 1343 1246 1410 τόν
1266 1349 1323 1429 τῆς

228 1444 320 1517 θείας
340 1439 457 1526 λήξεως
473 1439 660 1526 ’lectorium5
691 1445 748 1510 καί
777 1447 894 1531 τρόπον
922 1444 994 1512 τινὰ
1019 1441 1203 1530 ἠνάγκασαν
1223 1439 1323 1509 αότόν
1394 1455 1406 1475 ’

227 1543 334 1606 ἐλθεῖν
360 1540 416 1606 ἐπὶ
442 1539 480 1606 τό
510 1547 640 1628 σχῆμα.
682 1544 852 1630 σχολόριοι
873 1548 909 1610 δέ
927 1569 1010 1621 τινες
1031 1539 1264 1630 όπαρεσθέντες
1284 1545 1318 1607 ἕ·

226 1641 349 1724 πῆλθον
369 1640 469 1728 ederi,
502 1636 582 1707 ῶστι
602 1639 659 1706 καί
677 1645 735 1708 ἕνα
757 1645 870 1707 δοῦναι
891 1643 979 1731 αὐτῷ
1009 1640 1148 1728 γρόνθον
1176 1639 1232 1706 κατ’
1251 1639 1326 1723 σχέ-

226 1761 284 1803 σαι
303 1733 341 1800 τό
360 1745 468 1821 χεῖλος
488 1733 607 1805 adrat.
649 1739 733 1824 πλὴν
753 1739 924 1825 ἒνρότησεν
943 1742 964 1824 ἡ
984 1739 1093 1824 γνώμη
1112 1741 1246 1818 πάντων,
1266 1738 1363 1805 καί15

225 1839 440 1921 συγκλητικῶν
461 1841 517 1903 κατ’
539 1840 742 1921 στρατιωτῶν
761 1837 819 1904 καὶ
837 1839 992 1922 δημοτῶν,
1014 1838 1069 1902 καὶ
1094 1837 1256 1921 ἀνηνέχθη
1277 1839 1323 1913 εἰς

227 1931 263 1999 τό
283 1931 421 2015 ἱππικόν,
440 1939 497 1999 κατ’
516 1933 690 2021 συνῄνεσαν
710 1935 760 1998 ἐπ’
781 1931 870 2024 adrui
892 1938 947 2000 καί
964 1939 1096 2000 Βένετοι
1116 1935 1172 1999 καί
1182 1934 1323 2020 ’Πρόσι-

227 2052 296 2113 νοι,
326 2035 383 2096 uui
402 2029 432 2096 οἱ
452 2031 707 2119 κοοβικουλόριοι
728 2034 851 2110 εὐθέως
869 2032 905 2098 τό
927 2037 1037 2118 σχῆμα
1057 2031 1214 2115 ἔπεμψαν.
1256 2037 1323 2100 εἰσ-

227 2131 327 2216 ῆλθεν
346 2123 404 2195 σόν
424 2134 471 2208 εἰς
489 2129 526 2196 τό
551 2133 715 2217 κόθισμα,
754 2133 899 2212 συνόντος
926 2126 1015 2222 aire?
1040 2135 1098 2198 rod
1119 2131 1321 2218 ιῖρχιεπισκό-

228 2384 304 2457 gittir
334 2385 522 2441 excubitorum
549 2387 659 2441 confixi.
702 2387 742 2441 Ex
765 2389 851 2442 altera
878 2394 955 2457 parte
973 2395 1084 2441 ruentes
1103 2385 1249 2451 scholarii,
1275 2403 1317 2439 ra·

227 2456 343 2527 ptabant
361 2459 496 2531 aliquem,
514 2476 596 2530 quern
613 2460 666 2528 ipsi
684 2459 832 2522 tenebant,
849 2460 1012 2528 patricium,
1029 2460 1186 2511 stratclatse
1206 2474 1318 2509 munere

229 2528 397 2597 fungentem,
415 2530 593 2601 mediumque
603 2546 685 2599 super
702 2527 927 2600 accubitum1seu
946 2546 1067 2581 mensam
1084 2530 1172 2596 magni
1191 2527 1317 2599 triclinii}

229 2598 391 2651 collocutum
417 2601 449 2653 in
480 2618 513 2654 eo
541 2608 620 2652 erant
642 2606 674 2653 ut
691 2607 860 2659 coronarent,
895 2603 931 2651 tt
948 2600 1121 2652 excubitores
1139 2600 1203 2649 irati
1221 2598 1320 2649 celeri·

227 2676 271 2723 ter
290 2668 469 2734 advolabant,
495 2669 690 2740 hominemque
711 2666 761 2739 [de
779 2670 922 2741 accubitu]
941 2669 1095 2724 detractum
1111 2672 1165 2720 ianr
1181 2668 1319 2721 trucidare

169 2786 178 2804 ,
226 2735 370 2809 parabant.
405 2738 460 2792 Sed
479 2742 550 2793 forte
568 2749 626 2794 tum
643 2756 771 2809 praesens
787 2742 926 2809 piissimus
936 2740 1071 2793 Dominus
1087 2746 1182 2793 noster
1203 2740 1320 2790 iustini-

230 2827 313 2874 auus,
326 2808 429 2931 1{Petri
447 2811 570 2881 Magistri
587 2812 669 2863 verba
688 2811 766 2883 sunt]
785 2822 852 2864 tnnc
869 2810 1045 2872 candidatus,
1065 2809 1203 2864 liberabat
1220 2826 1283 2860 eum
1301 2826 1320 2859 a

229 2897 326 2933 necue
354 2880 510 2951 debetque,
529 2891 561 2933 ut
581 2882 616 2933 ad
635 2882 792 2933 excubitum
806 2880 864 2953 {seu
882 2882 1030 2953 stationem
1050 2888 1079 2933 et
1095 2881 1215 2932 diaetam
1232 2894 1319 2931 excu-

229 2949 362 3023 bitorum]
385 2952 413 3003 in
437 2952 591 3007 custodiam
618 2953 782 3005 mitteretur.
824 2953 865 3005 ad
888 2950 957 3003 baec
974 2950 1126 3004 afferebant
1144 2949 1317 3001 excubitores

230 3018 266 3071 ud
290 3038 374 3073 unum
394 3038 487 3075 omues
512 3022 664 3075 Iustiniano
689 3023 743 3090 ipsi
767 3023 839 3084 rina,
866 3039 949 3093 quum
975 3030 1118 3091 poteraut,
1143 3037 1267 3082 omnem,
1286 3028 1319 3072 ut

228 3097 368 3161 pateretur
385 3094 423 3144 Im
445 3100 535 3145 erutor
558 3094 719 3163 nuncupari.
759 3092 796 3144 tt
817 3092 865 3144 ille
883 3107 947 3144 vero
972 3092 1178 3161 deprecabatur.
1219 3091 1317 3160 ltaque

228 3161 291 3215 aliis
308 3170 391 3234 utque
408 3108 470 3215 aitis
488 3164 517 3215 in
537 3178 647 3215 censum
666 3162 842 3215 venientibus
860 3163 972 3233 Imperii
990 3161 1151 3225 candidatis,
1167 3161 1318 3230 pulsabant

227 3240 330 3301 partes,
348 3233 456 3302 quoties
473 3234 593 3303 uiiqncm
608 3232 803 3301 imperatorem
820 3240 1018 3303 nuncuparent,
1036 3241 1142 3302 portam
1160 3232 1316 3294 eburneum,

227 3302 382 3371 flagitantes
409 3304 516 3356 scilicet
537 3322 553 3355 a
576 3304 753 3356 cubiculariis
782 3302 892 3356 schema
930 3321 977 3356 scu
995 3312 1120 3355 ornatum
1137 3301 1316 3372 imperialem,

226 3372 263 3423 lii
277 3380 341 3427 tero
360 3374 511 3444 negabant,
532 3374 606 3426 edita
624 3392 718 3427 eorum
737 3374 880 3446 audientes
897 3375 1023 3437 nomina,
1041 3391 1090 3443 pro
1108 3374 1210 3444 quibus
1225 3378 1314 3442 partes
1341 3396 1344 3400 ν

226 3441 379 3497 identidem
398 3462 499 3497 sucrum
516 3453 617 3496 vestem
636 3444 812 3515 flagitabant3
831 3446 919 3498 donec
935 3444 1045 3497 taudem
1068 3442 1217 3514 aliquando
1236 3456 1315 3494 sena·

225 3518 270 3566 tus
288 3518 376 3568 omnis
394 3516 494 3567 Dirum
511 3516 646 3567 Iustinum
665 3516 794 3584 eligeret,
817 3532 934 3586 eumque
957 3514 1159 3585 quodammodo
1185 3514 1221 3566 ad
1237 3529 1315 3563 aece-

224 3586 358 3652 ptsndum
384 3584 492 3639 schema
517 3584 647 3655 adigeret.
683 3585 814 3655 Quamvis
830 3595 923 3641 autem
941 3595 971 3638 et
988 3584 1054 3638 huic
1069 3586 1210 3655 negotium
1229 3584 1317 3635 iaces-

225 3663 319 3709 tereut
331 3666 416 3727 atque
434 3656 625 3725 obstreperent
642 3654 773 3709 scholarii
792 3657 903 3728 quidam
926 3664 1003 3709 tauta
1028 3672 1090 3709 cum
1108 3655 1317 3723 importunitate

225 3730 255 3777 et
273 3726 311 3777 im
333 3726 462 3790 udentia,
482 3734 514 3779 ut
537 3727 620 3781 etiam
638 3744 707 3779 unus
726 3742 820 3780 eorum
840 3728 942 3799 uliquis
960 3728 1047 3779 acutis
1064 3726 1213 3793 compliciti
1230 3723 1316 3792 pugni

225 3744 349 3865 condyiis
374 3800 404 3851 in
427 3815 457 3851 os
485 3799 543 3850 eius
563 3798 675 3868 ingestis
700 3798 805 3850 labium
831 3799 886 3868 ipsi
910 3797 1042 3850 finderet:
1061 3797 1208 3849 obtinebat
1223 3801 1317 3845 tamen

225 3870 346 3921 omniurn
365 3876 422 3921 tam
440 3876 609 3930 senatorem,
625 3885 706 3940 quam
724 3870 841 3920 militum
853 3878 881 3922 et
897 3869 1071 3938 popularium
1087 3868 1236 3919 factionum
1251 3880 1332 3916 sen--

224 3940 327 4003 teutiu;
347 3938 511 3992 ascendebat
521 3940 640 3991 Iustinus
653 3940 804 3993 conductus
818 3940 848 3992 iu
858 3939 1009 4006 bippicum.
1024 3938 1072 3989 ubi
1093 3939 1120 3989 ci
1147 3954 1177 3989 se
1202 3936 1318 4005 acquie-

224 4024 299 4062 scere
316 4010 429 4079 pubiice
445 4026 512 4063 voce
531 4010 701 4062 testabantur
729 4008 827 4063 Veneti
851 4026 938 4079 aeque
956 4018 1040 4079 atque
1060 4009 1176 4069 Prasini;
1195 4016 1224 4059 et
1237 4004 1319 4056 cubi·
1388 4034 1397 4052 .

225 4080 322 4140 colarii
340 4080 488 4143 mittebant
513 4080 638 4158 protinus
665 4080 775 4141 setena
802 4097 850 4137 seu
868 4087 996 4137 ornatum
1013 4081 1192 4155 imperialem
1228 4077 1318 4134 trusa
