3042 4825
243 114 323 201 168
376 232 381 240 ι
440 134 712 206 consrinnm
747 132 1152 235 ιοιιιιιιιοοιαιτι·

235 294 292 359 τοῦ
308 292 464 374 βασιλέως
478 292 513 357 έν
529 294 575 381 τῷ
589 294 697 381 μιλίιρ,
719 293 865 376 δέχονται
884 286 984 359 eicie
1004 291 1034 359 ῶ
1051 296 1107 359 rori
1125 296 1244 381 μέρους
1259 295 1326 364 τῶν

235 394 388 473 Βενέταν,
408 390 546 474 λέγοντες
567 388 608 454 τό
629 389 709 455 κατὰ
730 387 903 476 συνήθειαν
925 386 1034 467 adroic
1055 384 1152 475 ἄιτα,
1173 389 1190 457 ό
1211 396 1247 459 δέ
1265 391 1325 480 δή·

233 512 374 573 μαρχος,
410 487 618 573 κρατούμενος
640 488 704 553 riui
730 492 790 554 τοῶ
808 492 864 574 τῆς
884 488 1121 572 καταστάσεως,
1149 491 1324 576 ἀπέρχεται

233 584 314 671 πρός
330 584 385 651 τόν
404 589 557 670 βασιλέα,
586 589 640 651 καί
658 584 882 668 οἷσπασόμενος
901 585 975 663 τοός
992 587 1092 666 πόδας
1114 589 1231 671 edred,
1253 593 1325 655 inc-

199 686 365 752 Βδιδιοοιν
391 684 478 773 αὐτῷ
500 683 707 771 λιβελλοόριον.
757 689 812 751 καί
841 689 1020 765 τελέσαντος
1052 690 1113 751 rori
1137 692 1257 772 μέρους
1279 677 1343 760 τόὸ

230 780 312 847 κατὰ
332 782 525 868 συνήθειαν,
547 787 710 870 διέρχεται
729 782 746 850 o‘
772 781 923 867 βασιλεός
941 782 1072 871 μικρόν,
1102 786 1158 850 καί
1174 789 1324 869 δέχονται

230 877 331 945 αδτόν
350 878 380 945 οἱ
402 884 461 945 τοῦ
481 887 651 967 περατικοῦ
673 880 776 967 δήμια
794 884 859 947 τῶν
882 882 1076 967 Πραοίνιον,
1097 886 1155 949 καί
1171 884 1265 964 edroi
1281 875 1322 949 τό

229 974 325 1061 δμοια
337 979 526 1064 τελέσαντες,
544 978 735 1059 ἐπιδιδόντος
751 981 809 1046 καί
823 984 883 1047 roo*
905 982 1105 1068 δημοκρότου
1123 983 1321 1068 λιβελλόριον

227 1080 272 1165 cpi
291 1082 426 1160 βασιλεῖ’,
444 1080 612 1164 διέρχεται,
634 1082 690 1144 καί
711 1081 860 1163 δέχονται
879 1077 979 1145 αὐτόν
999 1082 1046 1159 εἰς
1067 1079 1122 1147 τόν
1139 1081 1320 1165 αδχουστέα

225 1172 261 1241 οἱ
278 1179 335 1241 τοῦ
353 1178 471 1262 μέρους
488 1180 552 1242 τῶν
572 1178 769 1263 Πρασιλιοιν,
790 1180 845 1243 καί
862 1178 969 1243 αδτῶν
990 1176 1151 1261 τοὶδμοια
1166 1179 1360 1264 ποιησαι-ιο

227 1300 310 1357 τιον,
341 1276 503 1362 διέρχεται
523 1269 578 1341 εἶπ’
603 1276 711 1343 αὐτῶν
737 1276 755 1342 o‘
780 1273 951 1359 βασιλιός,
982 1279 1040 1343 καί
1065 1280 1192 1362 δέχεται
1217 1275 1318 1343 αδτόν

225 1376 261 1439 ἐν
278 1377 320 1461 τῇ
337 1378 443 1461 χαλκῇ
464 1372 703 1461 όδημοκρότης
717 1379 783 1442 τῶν
800 1380 959 1456 Βενέτων,
980 1368 1078 1459 ἤγουν
1096 1375 1114 1443 ό
1134 1380 1317 1458 δομέστικος
1417 1446 1428 1459 ‚

224 1475 289 1538 τῶν
304 1476 447 1556 σχολῶν,
474 1470 555 1556 perd
578 1478 636 1539 roi
656 1479 827 1561 περαττκοό
849 1468 952 1539 αὐτοῦ
974 1472 1090 1560 δῆμου.
1133 1479 1318 1553 τελέραντες

225 1573 261 1636 δὲ
289 1572 345 1635 καί
366 1567 460 1637 adrat
484 1572 598 1656 πιόντα,
621 1572 793 1649 αὐλοῦντος
814 1576 871 1640 καί
890 1577 950 1639 τοῦ
964 1567 1167 1661 όργόνουιός
1184 1574 1242 1638 καί
1260 1574 1318 1639 tat

193 1672 289 1735 craia
314 1673 432 1736 λοιπῶν
469 1675 567 1756 τριῶν
602 1674 724 1753 δοχῶν,
774 1675 933 1758 διέρχεται
972 1672 1027 1737 διό
1061 1676 1123 1738 τῶν
1151 1672 1355 1757 κορτίνωαιὸ

218 1771 299 1856 (ς.)
335 1765 409 1853 Χρῆ
433 1769 469 1834 δὲ
494 1770 629 1850 εἰδέναι,
660 1764 729 1850 ότι,
765 1769 857 1855 ἦνιλια
876 1773 985 1852 μέλλει
1003 1773 1158 1850 δέξασθαι
1181 1765 1198 1834 ό
1219 1770 1315 1851 δομέ-

88 1865 138 1919 Μ’·
149 1866 328 1942 Μάσητος
342 1870 405 1931 τῶν
425 1870 549 1949 σχολῶν
567 1864 619 1931 τόν
636 1870 783 1951 βασιλέα,
804 1867 990 1948 πεζεόουσιν
1009 1866 1156 1949 ἅπαντες,
1177 1868 1235 1933 nai
1253 1867 1314 1948 pi-

222 1988 270 2031 νει
291 1963 428 2051 ἔφιππος
446 1962 543 2047 μόνος
564 1964 583 2029 ό
602 1964 770 2049 βασιλεός,
801 1969 858 2032 καί
875 1965 939 2031 dud
966 1972 1023 2053 τῆς
1046 1971 1185 2052 χαλκῆς,
1221 1968 1316 2051 δηριι

220 2061 385 2149 γενόμενος
404 2060 467 2127 tut
490 2062 617 2129 πάντων
635 2064 761 2149 αδτῶν,
783 2060 957 2152 δπέρχεται
972 2069 1070 2151 μέχρι
1093 2070 1152 2131 τοῦ
1171 2067 1311 2150 Κυρίου,

220 2166 277 2228 καί
291 2164 380 2244 μένει
404 2159 544 2249 έκεῖσεῆ
574 2162 743 2250 σόμκλητος
769 2163 950 2250 ἔμπροσθεν
974 2168 1039 2231 τῶν
1070 2167 1167 2250 τριῶν
1199 2163 1353 2228 πυλῶνιο

219 2263 278 2325 τοῦ
297 2262 536 2349 κονσιοττορίου,
572 2262 810 2349 όπερευχομένη
831 2262 886 2329 τόν
912 2266 1048 2347 βασιλέα
1076 2264 1146 2344 „etr
1176 2259 1313 2337 πολλοδς

220 2360 277 2425 καί
296 2356 439 2443 α’χαθοός
455 2360 623 2446 χρόνους,”
644 2358 674 2428 οἱ
690 2364 726 2429 δὲ
745 2363 906 2448 πατρίκιοι
931 2362 989 2426 καί
1007 2361 1178 2449 στρατηγοί
1195 2362 1312 2442 μένου-

185 2499 187 2505 ·
220 2484 272 2525 αιν
292 2455 353 2536 ἔξω
373 2462 429 2544 τῆς
449 2458 549 2551 πόλης
567 2463 624 2528 τοῦ
646 2461 783 2547 Κυρίου,
805 2456 1053 2546 όπερευχόμενοι
1075 2461 1132 2525 καί
1148 2457 1241 2524 edroi
1253 2456 1311 2522 τόν

219 2559 362 2644 βασιλέα
403 2562 462 2624 τοῦ
489 2561 525 2626 δὲ
543 2562 699 2642 βασιλέως
720 2558 914 2634 εἰσελθόντος
939 2557 1030 2626 ἔνδον
1050 2561 1106 2645 τῆς
1126 2558 1243 2643 πόλης,
1270 2557 1311 2623 α’·

291 2728 333 2784 ιλ.
350 2725 445 2797 μόνον
462 2725 504 2779 ed.

217 2893 281 2948 rego
292 2875 375 2930 rubro
389 2879 478 2948 virgae
500 2895 534 2931 ue
549 2866 645 2932 aoreaa
655 2877 768 2949 gemmis
781 2885 890 2939 ornatae
901 2883 1053 2949 pertentor,
1069 2877 1230 2949 procedunt.
1251 2877 1307 2930 Im·

216 2956 393 3020 peretorem,
411 2950 441 3000 in
455 2898 563 3002 milium
580 2951 753 3014 venientem,
772 2949 856 3004 factio
870 2951 992 3013 Veneta,
1014 2956 1074 3000 ecta
1095 2966 1144 3001 rua
1160 2963 1211 3020 pro
1229 2964 1306 3000 more

217 3018 351 3082 recitans,
371 3021 488 3090 excipit,
508 3020 636 3074 tribunus
649 3020 723 3083 eius,
742 3034 757 3069 e
770 3021 961 3072 cerimonierio
976 3027 1154 3082 anetentatoe,
1170 3016 1205 3069 ed
1217 3020 1308 3088 Impe-

217 3085 336 3140 ratorem
351 3089 419 3153 ebit,
437 3091 490 3154 cui,
507 3089 658 3162 pedereiue
671 3091 821 3154 osculatur,
839 3089 1101 3142 libellariumoffert
1119 3091 1306 3158 Etportquam

216 3153 373 3210 factionarii
389 3157 480 3211 o'mnin
496 3177 546 3232 pro
560 3177 635 3211 more
651 3175 797 3229 peregere,
814 3162 966 3242 Imperator
977 3160 1122 3231 paululum
1138 3157 1306 3227 digreditur,

217 3244 300 3300 quem
322 3230 479 3281 transitoria
502 3231 674 3284 Preainorom
696 3229 780 3281 sectio
802 3232 919 3299 excipit,
948 3229 1059 3292 eadem,
1093 3245 1164 3300 quae
1189 3228 1306 3289 Veneti,

215 3297 338 3368 peregit,
362 3298 492 3351 tribunue'
515 3301 573 3351 eine
590 3299 719 3351 libellum
741 3301 903 3368 Imperatori
923 3300 1023 3363 tradit,
1047 3315 1129 3370 quem
1153 3298 1181 3350 di
1200 3314 1304 3350 reorum

214 3375 312 3437 portea
344 3367 374 3418 in
394 3369 530 3438 arigeratoii
548 3371 657 3424 Preaine
676 3369 759 3421 factio
779 3370 895 3439 excipit,
924 3378 952 3421 et
968 3377 1031 3440 poet
1070 3386 1114 3420 am
1131 3315 1242 3420 eosdem
1265 3368 1304 3418 ri-

215 3445 260 3488 tue
276 3439 410 3503 servavit,
433 3441 583 3510 Imperator
604 3439 638 3490 ab
657 3440 725 3509 ipeIr
738 3439 816 3503 abit,
840 3455 923 3510 quem
942 3440 971 3490 in
989 3439 1039 3490 cha
1052 3455 1083 3490 ce
1101 3439 1228 3509 princepe
1248 3439 1305 3489 Ve-

116 3521 119 3538 ’
216 3515 344 3559 netornm
360 3525 408 3560 reu
427 3510 592 3562 domesticus
609 3508 762 3562 scholarum
778 3526 839 3562 cum
852 3510 1009 3561 transitorie
1022 3522 1070 3561 rua
1085 3510 1205 3560 factione
1218 3508 1305 3560 cneci-

215 3577 276 3646 pit:
295 3594 366 3648 qnae
381 3587 526 3650 postquam
546 3588 575 3630 et
595 3580 653 3649 ipra
668 3581 759 3631 omnio
771 3579 903 3651 perfecit,
922 3586 950 3631 et
962 3595 1108 3648 organum,
1131 3581 1174 3630 uti
1189 3579 1219 3629 in
1238 3579 1305 3629 reii-

215 3648 280 3768 Huia
296 3647 385 3700 trIbur
399 3649 612 3732 receptionibus,
631 3650 770 3720 pulsatum
785 3648 856 3714 fuit,
874 3666 923 3718 per
940 3652 1057 3702 cortinae
1073 3648 1198 3700 discedit
1234 3648 1303 3720 (VI.)

236 3717 362 3769 ciendum
378 3727 433 3782 ert,
452 3735 473 3770 er
491 3719 655 3771 domesticus
672 3720 826 3773 scholarum
842 3721 1037 3788 Imperatorem
1053 3721 1178 3789 excipere
1193 3717 1303 3781 debeat,

216 3802 309 3836 omnee
325 3788 442 3858 pedibu·
457 3789 622 3858 procedere,
641 3791 729 3841 colum
746 3793 941 3860 Imperatorem
959 3807 1032 3860 equo
1053 3789 1135 3852 vehi,
1160 3797 1189 3839 et
1201 3787 1236 3838 ab
1258 3786 1302 3839 Iria

215 3856 342 3908 omnibus
356 3860 500 3928 stipatum,
522 3877 537 3908 a
551 3859 645 3912 cimice
657 3859 692 3910 ad
705 3861 837 3930 templum
852 3861 964 3912 Domini
977 3859 1141 3930 procedere,
1157 3857 1207 3909 ubi
1222 3874 1302 3908 erna-

213 3923 335 3980 Iue‘ante
348 3936 402 3981 λιιι
416 3930 678 3998 οοιιιίιῑοτὶλροτιιι,
697 3932 872 4002 Imperatori:
887 3933 923 3985 Ιπ
940 3931 1027 3984 multa
1040 3931 1166 3999 δοπσιμιι
1177 3942 1302 4000 tempora

214 3999 381 4065 acclamans,
399 4000 508 4070 patricii
521 4016 583 4058 vcro
598 4009 626 4054 ct
638 4003 768 4072 etrategi,
786 4003 875 4055 sauata
889 4002 1001 4075 quaevia
1016 3999 1205 4072 apprecatori,
1224 4005 1303 4050 cxtra
