<?xml version="1.0" encoding="UTF-8"?>
<!DOCTYPE html PUBLIC "-//W3C//DTD XHTML 1.0 Transitional//EN"
    "http://www.w3.org/TR/xhtml1/DTD/xhtml1-transitional.dtd">
<html xmlns="http://www.w3.org/1999/xhtml" xml:lang="en" lang="en">
 <head>
  <title>
</title>
<meta http-equiv="Content-Type" content="text/html;charset=utf-8" />
  <meta name='ocr-system' content='tesseract 3.04.00' />
  <meta name='ocr-capabilities' content='ocr_page ocr_carea ocr_par ocr_line ocrx_word'/>
</head>
<body>
  <div class='ocr_page' id='page_1' title='image "./corpusscriptoru40niebgoog/corpusscriptoru40niebgoog_0032.png"; bbox 0 0 3042 4825; ppageno 0'>
   <div class='ocr_carea' id='block_1_1' title="bbox 297 258 1032 327">
    <p class='ocr_par' dir='ltr' id='par_1_1' title="bbox 297 258 1032 327">
     <span class='ocr_line' id='line_1_1' title="bbox 297 258 1032 327; baseline -0.005 -1"><span class='ocrx_word' id='word_1_1' title='bbox 297 266 387 327; x_wconf 74' lang='lat' dir='ltr'>XXX</span> <span class='ocrx_word' id='word_1_2' title='bbox 681 260 738 323; x_wconf 87' lang='lat'>10.</span> <span class='ocrx_word' id='word_1_3' title='bbox 766 258 850 324; x_wconf 75' lang='lat' dir='ltr'>lte.</span> <span class='ocrx_word' id='word_1_4' title='bbox 882 260 1032 325; x_wconf 75' lang='lat' dir='ltr'>ulusm</span> 
     </span>
    </p>
   </div>
   <div class='ocr_carea' id='block_1_2' title="bbox 298 365 1417 505">
    <p class='ocr_par' dir='ltr' id='par_1_2' title="bbox 298 365 1417 505">
     <span class='ocr_line' id='line_1_2' title="bbox 298 365 1417 505; baseline -0.002 -24"><span class='ocrx_word' id='word_1_5' title='bbox 298 417 479 481; x_wconf 76' lang='lat' dir='ltr'><strong><em>munionem</em></strong></span> <span class='ocrx_word' id='word_1_6' title='bbox 491 430 624 477; x_wconf 79' lang='lat' dir='ltr'>sacram</span> <span class='ocrx_word' id='word_1_7' title='bbox 643 414 779 505; x_wconf 64' lang='lat' dir='ltr'>accipin</span> <span class='ocrx_word' id='word_1_8' title='bbox 797 436 832 498; x_wconf 88' lang='lat' dir='ltr'>p.</span> <span class='ocrx_word' id='word_1_9' title='bbox 849 365 924 478; x_wconf 44' lang='lat'><strong>265&#39;.</strong></span> <span class='ocrx_word' id='word_1_10' title='bbox 949 416 993 475; x_wconf 90' lang='lat' dir='ltr'>D.</span> <span class='ocrx_word' id='word_1_11' title='bbox 1012 425 1044 476; x_wconf 85' lang='lat' dir='ltr'>et</span> <span class='ocrx_word' id='word_1_12' title='bbox 1063 413 1205 499; x_wconf 80' lang='lat' dir='ltr'>deinceps</span> <span class='ocrx_word' id='word_1_13' title='bbox 1221 414 1270 479; x_wconf 89' lang='lat' dir='ltr'>bis</span> <span class='ocrx_word' id='word_1_14' title='bbox 1286 416 1337 479; x_wconf 87' lang='lat' dir='ltr'>vel</span> <span class='ocrx_word' id='word_1_15' title='bbox 1355 426 1417 479; x_wconf 81' lang='lat' dir='ltr'>ter</span> 
     </span>
    </p>
   </div>
   <div class='ocr_carea' id='block_1_3' title="bbox 298 509 1517 601">
    <p class='ocr_par' dir='ltr' id='par_1_3' title="bbox 298 509 1517 601">
     <span class='ocr_line' id='line_1_3' title="bbox 298 509 1517 601; baseline 0 -22"><span class='ocrx_word' id='word_1_16' title='bbox 298 509 389 579; x_wconf 73' lang='lat' dir='ltr'>omisi</span> <span class='ocrx_word' id='word_1_17' title='bbox 410 516 541 577; x_wconf 86' lang='lat' dir='ltr'>verbum</span> <span class='ocrx_word' id='word_1_18' title='bbox 574 511 781 591; x_wconf 71' lang='lat' dir='ltr'>indtdoiirrns</span> <span class='ocrx_word' id='word_1_19' title='bbox 814 515 847 577; x_wconf 85' lang='lat' dir='ltr'>in</span> <span class='ocrx_word' id='word_1_20' title='bbox 881 514 1016 592; x_wconf 83' lang='lat' dir='ltr'>Latinis,</span> <span class='ocrx_word' id='word_1_21' title='bbox 1043 518 1117 598; x_wconf 83' lang='lat' dir='ltr'>quia</span> <span class='ocrx_word' id='word_1_22' title='bbox 1144 528 1212 579; x_wconf 87' lang='lat' dir='ltr'>tum</span> <span class='ocrx_word' id='word_1_23' title='bbox 1240 522 1413 601; x_wconf 78' lang='lat' dir='ltr'>temporis,</span> <span class='ocrx_word' id='word_1_24' title='bbox 1515 541 1517 553; x_wconf 92' lang='lat'><em>·</em></span> 
     </span>
    </p>
   </div>
   <div class='ocr_carea' id='block_1_4' title="bbox 292 611 1414 901">
    <p class='ocr_par' dir='ltr' id='par_1_4' title="bbox 292 611 1414 901">
     <span class='ocr_line' id='line_1_4' title="bbox 292 611 1414 701; baseline 0.001 -23"><span class='ocrx_word' id='word_1_25' title='bbox 292 637 399 701; x_wconf 59' lang='lat' dir='ltr'>squum</span> <span class='ocrx_word' id='word_1_26' title='bbox 429 614 539 675; x_wconf 85' lang='lat' dir='ltr'>solium</span> <span class='ocrx_word' id='word_1_27' title='bbox 567 611 644 673; x_wconf 92' lang='lat' dir='ltr'>illud</span> <span class='ocrx_word' id='word_1_28' title='bbox 672 613 735 675; x_wconf 85' lang='lat' dir='ltr'>sub</span> <span class='ocrx_word' id='word_1_29' title='bbox 754 612 861 697; x_wconf 83' lang='lat' dir='ltr'>praelo</span> <span class='ocrx_word' id='word_1_30' title='bbox 881 613 1018 693; x_wconf 86' lang='lat' dir='ltr'>sudaret,</span> <span class='ocrx_word' id='word_1_31' title='bbox 1038 616 1221 696; x_wconf 81' lang='lat' dir='ltr'>nesciobam,</span> <span class='ocrx_word' id='word_1_32' title='bbox 1241 618 1317 701; x_wconf 88' lang='lat' dir='ltr'>quid</span> <span class='ocrx_word' id='word_1_33' title='bbox 1345 619 1414 681; x_wconf 83' lang='lat' dir='ltr'>sibi</span> 
     </span>
     <span class='ocr_line' id='line_1_5' title="bbox 294 712 1410 796; baseline 0.001 -18"><span class='ocrx_word' id='word_1_34' title='bbox 294 716 395 778; x_wconf 43' lang='lat' dir='ltr'>*vellet</span> <span class='ocrx_word' id='word_1_35' title='bbox 420 715 552 777; x_wconf 86' lang='lat' dir='ltr'>verbum</span> <span class='ocrx_word' id='word_1_36' title='bbox 571 712 683 774; x_wconf 87' lang='lat' dir='ltr'>nullibi</span> <span class='ocrx_word' id='word_1_37' title='bbox 708 715 741 774; x_wconf 90' lang='lat' dir='ltr'>in</span> <span class='ocrx_word' id='word_1_38' title='bbox 773 716 890 775; x_wconf 85' lang='lat' dir='ltr'>Lexicis</span> <span class='ocrx_word' id='word_1_39' title='bbox 922 725 954 776; x_wconf 91' lang='lat' dir='ltr'>et</span> <span class='ocrx_word' id='word_1_40' title='bbox 979 715 1054 777; x_wconf 86' lang='lat' dir='ltr'>alias</span> <span class='ocrx_word' id='word_1_41' title='bbox 1080 716 1208 778; x_wconf 88' lang='lat' dir='ltr'>obvium</span> <span class='ocrx_word' id='word_1_42' title='bbox 1234 715 1410 796; x_wconf 74' lang='grc' dir='ltr'><strong><em>λαβιδοῦν.</em></strong></span> 
     </span>
     <span class='ocr_line' id='line_1_6' title="bbox 300 807 1413 901; baseline 0.003 -23"><span class='ocrx_word' id='word_1_43' title='bbox 300 815 421 878; x_wconf 80' lang='lat' dir='ltr'>Deinde</span> <span class='ocrx_word' id='word_1_44' title='bbox 435 816 527 876; x_wconf 89' lang='lat' dir='ltr'>didici</span> <span class='ocrx_word' id='word_1_45' title='bbox 548 812 723 897; x_wconf 85' lang='lat' dir='ltr'>cPolybio‚</span> <span class='ocrx_word' id='word_1_46' title='bbox 736 813 1074 901; x_wconf 82' lang='lat' dir='ltr'>significarefibnlnre.</span> <span class='ocrx_word' id='word_1_47' title='bbox 1114 817 1215 878; x_wconf 85' lang='lat' dir='ltr'>Debet</span> <span class='ocrx_word' id='word_1_48' title='bbox 1233 807 1306 900; x_wconf 79' lang='lat' dir='ltr'>ergo</span> <span class='ocrx_word' id='word_1_49' title='bbox 1321 818 1413 885; x_wconf 82' lang='lat' dir='ltr'>dieto</span> 
     </span>
    </p>
   </div>
   <div class='ocr_carea' id='block_1_5' title="bbox 299 914 1516 1001">
    <p class='ocr_par' dir='ltr' id='par_1_5' title="bbox 299 914 1516 1001">
     <span class='ocr_line' id='line_1_7' title="bbox 299 914 1516 1001; baseline 0.001 -23"><span class='ocrx_word' id='word_1_50' title='bbox 299 916 370 978; x_wconf 91' lang='lat' dir='ltr'>loco</span> <span class='ocrx_word' id='word_1_51' title='bbox 390 918 423 977; x_wconf 91' lang='lat' dir='ltr'>in</span> <span class='ocrx_word' id='word_1_52' title='bbox 444 914 561 976; x_wconf 74' lang='lat' dir='ltr'>Latinis</span> <span class='ocrx_word' id='word_1_53' title='bbox 579 916 622 975; x_wconf 88' lang='lat' dir='ltr'>sio</span> <span class='ocrx_word' id='word_1_54' title='bbox 645 917 775 997; x_wconf 83' lang='lat' dir='ltr'>reponi:</span> <span class='ocrx_word' id='word_1_55' title='bbox 806 926 838 977; x_wconf 82' lang='lat' dir='ltr'>et</span> <span class='ocrx_word' id='word_1_56' title='bbox 870 917 944 1000; x_wconf 79' lang='lat' dir='ltr'>equi</span> <span class='ocrx_word' id='word_1_57' title='bbox 966 936 1076 978; x_wconf 86' lang='lat' dir='ltr'>omnes</span> <span class='ocrx_word' id='word_1_58' title='bbox 1094 915 1281 999; x_wconf 80' lang='lat' dir='ltr'>fibulantnr</span> <span class='ocrx_word' id='word_1_59' title='bbox 1304 930 1410 1001; x_wconf 79' lang='lat' dir='ltr'>atque</span> <span class='ocrx_word' id='word_1_60' title='bbox 1515 977 1516 986; x_wconf 67' lang='grc'>,</span> 
     </span>
    </p>
   </div>
   <div class='ocr_carea' id='block_1_6' title="bbox 301 997 1516 1303">
    <p class='ocr_par' dir='ltr' id='par_1_6' title="bbox 301 997 1516 1303">
     <span class='ocr_line' id='line_1_8' title="bbox 301 997 1516 1099; baseline 0.001 -21"><span class='ocrx_word' id='word_1_61' title='bbox 301 1027 511 1088; x_wconf 74' lang='lat' dir='ltr'>castrantur,</span> <span class='ocrx_word' id='word_1_62' title='bbox 540 1024 571 1076; x_wconf 83' lang='lat' dir='ltr'>et</span> <span class='ocrx_word' id='word_1_63' title='bbox 600 1014 640 1075; x_wconf 86' lang='lat' dir='ltr'>ad</span> <span class='ocrx_word' id='word_1_64' title='bbox 665 1014 697 1075; x_wconf 91' lang='lat' dir='ltr'>id</span> <span class='ocrx_word' id='word_1_65' title='bbox 726 1014 899 1097; x_wconf 87' lang='lat' dir='ltr'>exemplum</span> <span class='ocrx_word' id='word_1_66' title='bbox 922 1026 1023 1077; x_wconf 81' lang='lat' dir='ltr'>cetera</span> <span class='ocrx_word' id='word_1_67' title='bbox 1047 1019 1306 1099; x_wconf 78' lang='lat' dir='ltr'>interpretationis</span> <span class='ocrx_word' id='word_1_68' title='bbox 1336 1017 1412 1079; x_wconf 84' lang='lat' dir='ltr'>loca</span> <span class='ocrx_word' id='word_1_69' title='bbox 1515 997 1516 1020; x_wconf 44' lang='lat'>¹</span> 
     </span>
     <span class='ocr_line' id='line_1_9' title="bbox 301 1113 1410 1197; baseline 0.002 -20"><span class='ocrx_word' id='word_1_70' title='bbox 301 1136 411 1177; x_wconf 80' lang='lat' dir='ltr'>manca</span> <span class='ocrx_word' id='word_1_71' title='bbox 432 1117 587 1197; x_wconf 77' lang='lat' dir='ltr'>integrari.</span> <span class='ocrx_word' id='word_1_72' title='bbox 629 1113 721 1195; x_wconf 86' lang='lat' dir='ltr'>Vale,</span> <span class='ocrx_word' id='word_1_73' title='bbox 736 1115 868 1177; x_wconf 86' lang='lat' dir='ltr'>Erudite</span> <span class='ocrx_word' id='word_1_74' title='bbox 888 1117 1011 1194; x_wconf 85' lang='lat' dir='ltr'>Lector,</span> <span class='ocrx_word' id='word_1_75' title='bbox 1037 1127 1068 1180; x_wconf 87' lang='lat' dir='ltr'>et</span> <span class='ocrx_word' id='word_1_76' title='bbox 1082 1118 1242 1179; x_wconf 79' lang='lat' dir='ltr'>conatibus</span> <span class='ocrx_word' id='word_1_77' title='bbox 1256 1118 1410 1179; x_wconf 74' lang='lat' dir='ltr'>Derasso-</span> 
     </span>
     <span class='ocr_line' id='line_1_10' title="bbox 301 1216 1410 1303; baseline -0.001 -24"><span class='ocrx_word' id='word_1_78' title='bbox 301 1218 345 1279; x_wconf 84' lang='lat' dir='ltr'>ris</span> <span class='ocrx_word' id='word_1_79' title='bbox 359 1219 421 1281; x_wconf 87' lang='lat' dir='ltr'>mei</span> <span class='ocrx_word' id='word_1_80' title='bbox 440 1227 532 1299; x_wconf 83' lang='lat' dir='ltr'>atque</span> <span class='ocrx_word' id='word_1_81' title='bbox 545 1218 621 1279; x_wconf 84' lang='lat' dir='ltr'>meis</span> <span class='ocrx_word' id='word_1_82' title='bbox 638 1216 715 1281; x_wconf 79' lang='lat' dir='ltr'>fave</span> <span class='ocrx_word' id='word_1_83' title='bbox 748 1216 850 1283; x_wconf 83' lang='lat' dir='ltr'>Serib·</span> <span class='ocrx_word' id='word_1_84' title='bbox 871 1218 994 1301; x_wconf 81' lang='lat' dir='ltr'>Lipsiae</span> <span class='ocrx_word' id='word_1_85' title='bbox 1005 1236 1111 1279; x_wconf 85' lang='lat' dir='ltr'>mense</span> <span class='ocrx_word' id='word_1_86' title='bbox 1123 1216 1293 1301; x_wconf 81' lang='lat' dir='ltr'>Septembri</span> <span class='ocrx_word' id='word_1_87' title='bbox 1313 1216 1410 1303; x_wconf 81' lang='lat'><strong>¹75¹·</strong></span> 
     </span>
    </p>
   </div>
   <div class='ocr_carea' id='block_1_7' title="bbox 690 1430 976 1455">
    <p class='ocr_par' dir='ltr' id='par_1_7' title="bbox 690 1430 976 1455">
     <span class='ocr_line' id='line_1_11' title="bbox 690 1430 976 1455; baseline 0 -2"><span class='ocrx_word' id='word_1_88' title='bbox 690 1430 976 1455; x_wconf 68' lang='grc' dir='ltr'>αι-ι-ι-ι-ὀ</span> 
     </span>
    </p>
   </div>
   <div class='ocr_carea' id='block_1_8' title="bbox 434 1628 1204 1722">
    <p class='ocr_par' dir='ltr' id='par_1_8' title="bbox 434 1628 1204 1722">
     <span class='ocr_line' id='line_1_12' title="bbox 434 1628 1204 1722; baseline -0.001 -1"><span class='ocrx_word' id='word_1_89' title='bbox 434 1634 438 1641; x_wconf 82' lang='grc'><strong>“</strong></span> <span class='ocrx_word' id='word_1_90' title='bbox 504 1628 1204 1722; x_wconf 75' lang='lat' dir='ltr'>auronuusncnnnnn</span> 
     </span>
    </p>
   </div>
   <div class='ocr_carea' id='block_1_9' title="bbox 300 1770 1411 2816">
    <p class='ocr_par' dir='ltr' id='par_1_9' title="bbox 300 1770 1411 2816">
     <span class='ocr_line' id='line_1_13' title="bbox 396 1770 405 1799; baseline 0 0"><span class='ocrx_word' id='word_1_91' title='bbox 396 1770 405 1799; x_wconf 68' lang='lat' dir='ltr'>l</span> 
     </span>
     <span class='ocr_line' id='line_1_14' title="bbox 304 1792 1409 1919; baseline 0.002 -22"><span class='ocrx_word' id='word_1_92' title='bbox 304 1792 372 1897; x_wconf 84' lang='lat' dir='ltr'>Ea</span> <span class='ocrx_word' id='word_1_93' title='bbox 407 1846 453 1897; x_wconf 89' lang='lat' dir='ltr'>est</span> <span class='ocrx_word' id='word_1_94' title='bbox 479 1844 731 1917; x_wconf 79' lang='lat' dir='ltr'>argumentorum</span> <span class='ocrx_word' id='word_1_95' title='bbox 766 1836 901 1896; x_wconf 88' lang='lat' dir='ltr'>seeundo</span> <span class='ocrx_word' id='word_1_96' title='bbox 930 1837 1011 1914; x_wconf 88' lang='lat' dir='ltr'>hoc,</span> <span class='ocrx_word' id='word_1_97' title='bbox 1050 1836 1134 1919; x_wconf 88' lang='lat' dir='ltr'>quod</span> <span class='ocrx_word' id='word_1_98' title='bbox 1160 1858 1243 1899; x_wconf 89' lang='lat' dir='ltr'>nnnc</span> <span class='ocrx_word' id='word_1_99' title='bbox 1275 1836 1409 1916; x_wconf 88' lang='lat' dir='ltr'>edimus,</span> 
     </span>
     <span class='ocr_line' id='line_1_15' title="bbox 300 1932 1411 2021; baseline 0.003 -24"><span class='ocrx_word' id='word_1_100' title='bbox 300 1936 460 1997; x_wconf 81' lang='lat' dir='ltr'>volumine</span> <span class='ocrx_word' id='word_1_101' title='bbox 503 1935 696 1997; x_wconf 72' lang='lat' dir='ltr'>Constantini</span> <span class='ocrx_word' id='word_1_102' title='bbox 729 1932 940 2013; x_wconf 75' lang='lat' dir='ltr'>Cerimonislis</span> <span class='ocrx_word' id='word_1_103' title='bbox 966 1940 1171 2019; x_wconf 85' lang='lat' dir='ltr'>expositorum</span> <span class='ocrx_word' id='word_1_104' title='bbox 1197 1939 1347 2021; x_wconf 77' lang='lat' dir='ltr'>dignitas,</span> <span class='ocrx_word' id='word_1_105' title='bbox 1374 1950 1411 1999; x_wconf 93' lang='lat' dir='ltr'>ut</span> 
     </span>
     <span class='ocr_line' id='line_1_16' title="bbox 300 2031 1410 2120; baseline 0.004 -25"><span class='ocrx_word' id='word_1_106' title='bbox 300 2035 440 2119; x_wconf 88' lang='lat' dir='ltr'>palmam</span> <span class='ocrx_word' id='word_1_107' title='bbox 465 2037 561 2119; x_wconf 87' lang='lat' dir='ltr'>priori</span> <span class='ocrx_word' id='word_1_108' title='bbox 577 2034 704 2095; x_wconf 77' lang='lat' dir='ltr'>dirbiam</span> <span class='ocrx_word' id='word_1_109' title='bbox 725 2031 826 2094; x_wconf 85' lang='lat' dir='ltr'>lacere</span> <span class='ocrx_word' id='word_1_110' title='bbox 843 2054 933 2117; x_wconf 87' lang='lat' dir='ltr'>posse</span> <span class='ocrx_word' id='word_1_111' title='bbox 951 2036 1104 2097; x_wconf 82' lang='lat' dir='ltr'>videntur.</span> <span class='ocrx_word' id='word_1_112' title='bbox 1148 2038 1290 2115; x_wconf 79' lang='lat' dir='ltr'>Quorum</span> <span class='ocrx_word' id='word_1_113' title='bbox 1305 2060 1410 2120; x_wconf 57' lang='lat' dir='ltr'>mam</span> 
     </span>
     <span class='ocr_line' id='line_1_17' title="bbox 302 2134 1410 2218; baseline 0.003 -23"><span class='ocrx_word' id='word_1_114' title='bbox 302 2138 352 2195; x_wconf 82' lang='lat' dir='ltr'>vis</span> <span class='ocrx_word' id='word_1_115' title='bbox 374 2156 494 2197; x_wconf 89' lang='lat' dir='ltr'>summa</span> <span class='ocrx_word' id='word_1_116' title='bbox 517 2136 618 2217; x_wconf 83' lang='lat' dir='ltr'>capita</span> <span class='ocrx_word' id='word_1_117' title='bbox 635 2136 777 2217; x_wconf 82' lang='lat' dir='ltr'>superior</span> <span class='ocrx_word' id='word_1_118' title='bbox 794 2135 856 2193; x_wconf 87' lang='lat' dir='ltr'>inm</span> <span class='ocrx_word' id='word_1_119' title='bbox 878 2134 1030 2216; x_wconf 85' lang='lat' dir='ltr'>praefatio</span> <span class='ocrx_word' id='word_1_120' title='bbox 1046 2138 1192 2218; x_wconf 84' lang='lat' dir='ltr'>attigerit,</span> <span class='ocrx_word' id='word_1_121' title='bbox 1213 2159 1277 2198; x_wconf 89' lang='lat' dir='ltr'>non</span> <span class='ocrx_word' id='word_1_122' title='bbox 1300 2136 1410 2198; x_wconf 86' lang='lat' dir='ltr'>inutile</span> 
     </span>
     <span class='ocr_line' id='line_1_18' title="bbox 303 2233 1410 2320; baseline 0.002 -24"><span class='ocrx_word' id='word_1_123' title='bbox 303 2246 408 2296; x_wconf 88' lang='lat' dir='ltr'>tamen</span> <span class='ocrx_word' id='word_1_124' title='bbox 429 2234 501 2296; x_wconf 88' lang='lat' dir='ltr'>duxi</span> <span class='ocrx_word' id='word_1_125' title='bbox 515 2234 568 2295; x_wconf 87' lang='lat' dir='ltr'>illa</span> <span class='ocrx_word' id='word_1_126' title='bbox 592 2233 651 2295; x_wconf 87' lang='lat' dir='ltr'>hos</span> <span class='ocrx_word' id='word_1_127' title='bbox 671 2253 795 2316; x_wconf 74' lang='lat' dir='ltr'>qrroque</span> <span class='ocrx_word' id='word_1_128' title='bbox 819 2233 888 2294; x_wconf 91' lang='lat' dir='ltr'>loco</span> <span class='ocrx_word' id='word_1_129' title='bbox 905 2244 1051 2315; x_wconf 84' lang='lat' dir='ltr'>repetere.</span> <span class='ocrx_word' id='word_1_130' title='bbox 1092 2236 1217 2297; x_wconf 88' lang='lat' dir='ltr'>Eminet</span> <span class='ocrx_word' id='word_1_131' title='bbox 1232 2240 1326 2320; x_wconf 83' lang='lat' dir='ltr'>igitur</span> <span class='ocrx_word' id='word_1_132' title='bbox 1347 2237 1410 2298; x_wconf 89' lang='lat' dir='ltr'>hn-</span> 
     </span>
     <span class='ocr_line' id='line_1_19' title="bbox 302 2334 1410 2418; baseline 0.003 -23"><span class='ocrx_word' id='word_1_133' title='bbox 302 2338 354 2397; x_wconf 84' lang='lat' dir='ltr'>ius</span> <span class='ocrx_word' id='word_1_134' title='bbox 372 2334 496 2397; x_wconf 88' lang='lat' dir='ltr'>secundi</span> <span class='ocrx_word' id='word_1_135' title='bbox 516 2334 587 2395; x_wconf 86' lang='lat' dir='ltr'>libri</span> <span class='ocrx_word' id='word_1_136' title='bbox 615 2354 651 2392; x_wconf 83' lang='lat' dir='ltr'>ea</span> <span class='ocrx_word' id='word_1_137' title='bbox 681 2354 775 2414; x_wconf 88' lang='lat' dir='ltr'>pars,</span> <span class='ocrx_word' id='word_1_138' title='bbox 797 2355 877 2416; x_wconf 88' lang='lat' dir='ltr'>quae</span> <span class='ocrx_word' id='word_1_139' title='bbox 897 2336 1022 2394; x_wconf 88' lang='lat' dir='ltr'>nominc</span> <span class='ocrx_word' id='word_1_140' title='bbox 1052 2334 1333 2418; x_wconf 75' lang='grc' dir='ltr'><em>Κλητωρολόγιον,</em></span> <span class='ocrx_word' id='word_1_141' title='bbox 1354 2358 1410 2404; x_wconf 89' lang='lat' dir='ltr'>sen</span> 
     </span>
     <span class='ocr_line' id='line_1_20' title="bbox 305 2430 1407 2521; baseline 0.004 -25"><span class='ocrx_word' id='word_1_142' title='bbox 305 2435 446 2497; x_wconf 85' lang='lat' dir='ltr'>doctrina</span> <span class='ocrx_word' id='word_1_143' title='bbox 474 2438 591 2496; x_wconf 80' lang='lat' dir='ltr'>rituum</span> <span class='ocrx_word' id='word_1_144' title='bbox 624 2430 749 2492; x_wconf 89' lang='lat' dir='ltr'>illorum</span> <span class='ocrx_word' id='word_1_145' title='bbox 779 2443 845 2513; x_wconf 88' lang='lat' dir='ltr'>est,</span> <span class='ocrx_word' id='word_1_146' title='bbox 875 2433 988 2516; x_wconf 82' lang='lat' dir='ltr'>quibus</span> <span class='ocrx_word' id='word_1_147' title='bbox 1018 2433 1157 2496; x_wconf 88' lang='lat' dir='ltr'>solennes</span> <span class='ocrx_word' id='word_1_148' title='bbox 1180 2437 1288 2519; x_wconf 81' lang='lat' dir='ltr'>epulae</span> <span class='ocrx_word' id='word_1_149' title='bbox 1305 2438 1407 2521; x_wconf 84' lang='lat' dir='ltr'>lmpp.</span> 
     </span>
     <span class='ocr_line' id='line_1_21' title="bbox 305 2531 1409 2620; baseline 0.003 -24"><span class='ocrx_word' id='word_1_150' title='bbox 305 2537 504 2596; x_wconf 83' lang='lat' dir='ltr'>CPtnnorum</span> <span class='ocrx_word' id='word_1_151' title='bbox 525 2532 673 2595; x_wconf 90' lang='lat' dir='ltr'>celebrari</span> <span class='ocrx_word' id='word_1_152' title='bbox 699 2531 857 2612; x_wconf 75' lang='lat' dir='ltr'>solebant,</span> <span class='ocrx_word' id='word_1_153' title='bbox 884 2537 952 2617; x_wconf 89' lang='lat' dir='ltr'>ipsa</span> <span class='ocrx_word' id='word_1_154' title='bbox 974 2555 1009 2596; x_wconf 88' lang='lat' dir='ltr'>re</span> <span class='ocrx_word' id='word_1_155' title='bbox 1034 2545 1126 2618; x_wconf 89' lang='lat' dir='ltr'>atque</span> <span class='ocrx_word' id='word_1_156' title='bbox 1139 2539 1327 2620; x_wconf 82' lang='lat' dir='ltr'>professione</span> <span class='ocrx_word' id='word_1_157' title='bbox 1350 2556 1409 2598; x_wconf 89' lang='lat' dir='ltr'>no-</span> 
     </span>
     <span class='ocr_line' id='line_1_22' title="bbox 300 2633 1411 2718; baseline 0.003 -21"><span class='ocrx_word' id='word_1_158' title='bbox 300 2637 373 2698; x_wconf 83' lang='lat' dir='ltr'>titia</span> <span class='ocrx_word' id='word_1_159' title='bbox 385 2647 431 2697; x_wconf 86' lang='lat' dir='ltr'>est</span> <span class='ocrx_word' id='word_1_160' title='bbox 447 2633 631 2716; x_wconf 83' lang='lat' dir='ltr'>dignitatum</span> <span class='ocrx_word' id='word_1_161' title='bbox 642 2635 764 2715; x_wconf 88' lang='lat' dir='ltr'>imperii</span> <span class='ocrx_word' id='word_1_162' title='bbox 778 2634 948 2712; x_wconf 86' lang='lat' dir='ltr'>orientalis,</span> <span class='ocrx_word' id='word_1_163' title='bbox 970 2635 1061 2718; x_wconf 83' lang='lat' dir='ltr'>quale</span> <span class='ocrx_word' id='word_1_164' title='bbox 1076 2637 1197 2698; x_wconf 85' lang='lat' dir='ltr'>saeculo</span> <span class='ocrx_word' id='word_1_165' title='bbox 1210 2639 1269 2699; x_wconf 77' lang='lat' dir='ltr'>lx.</span> <span class='ocrx_word' id='word_1_166' title='bbox 1283 2649 1411 2700; x_wconf 85' lang='lat' dir='ltr'>exeunte</span> 
     </span>
     <span class='ocr_line' id='line_1_23' title="bbox 304 2735 1408 2816; baseline 0.002 -19"><span class='ocrx_word' id='word_1_167' title='bbox 304 2747 382 2798; x_wconf 84' lang='lat' dir='ltr'>erut.</span> <span class='ocrx_word' id='word_1_168' title='bbox 426 2735 556 2796; x_wconf 84' lang='lat' dir='ltr'>Minoris</span> <span class='ocrx_word' id='word_1_169' title='bbox 576 2736 737 2811; x_wconf 86' lang='lat' dir='ltr'>momenti,</span> <span class='ocrx_word' id='word_1_170' title='bbox 759 2753 860 2816; x_wconf 87' lang='lat' dir='ltr'>neque</span> <span class='ocrx_word' id='word_1_171' title='bbox 879 2745 983 2795; x_wconf 89' lang='lat' dir='ltr'>tamen</span> <span class='ocrx_word' id='word_1_172' title='bbox 1008 2738 1241 2816; x_wconf 88' lang='lat' dir='ltr'>contemnendi,</span> <span class='ocrx_word' id='word_1_173' title='bbox 1263 2750 1334 2799; x_wconf 90' lang='lat' dir='ltr'>sunt</span> <span class='ocrx_word' id='word_1_174' title='bbox 1362 2737 1408 2799; x_wconf 92' lang='lat' dir='ltr'>illi</span> 
     </span>
    </p>
   </div>
   <div class='ocr_carea' id='block_1_10' title="bbox 303 2833 1516 2921">
    <p class='ocr_par' dir='ltr' id='par_1_10' title="bbox 303 2833 1516 2921">
     <span class='ocr_line' id='line_1_24' title="bbox 303 2833 1516 2921; baseline 0.002 -25"><span class='ocrx_word' id='word_1_175' title='bbox 303 2835 384 2914; x_wconf 89' lang='lat' dir='ltr'>loci,</span> <span class='ocrx_word' id='word_1_176' title='bbox 420 2837 475 2916; x_wconf 90' lang='lat' dir='ltr'>qui</span> <span class='ocrx_word' id='word_1_177' title='bbox 501 2833 672 2917; x_wconf 77' lang='lat' dir='ltr'>legatorum</span> <span class='ocrx_word' id='word_1_178' title='bbox 705 2833 954 2914; x_wconf 84' lang='lat' dir='ltr'>excipiendornm</span> <span class='ocrx_word' id='word_1_179' title='bbox 980 2839 1154 2916; x_wconf 82' lang='lat' dir='ltr'>rationem,</span> <span class='ocrx_word' id='word_1_180' title='bbox 1189 2837 1411 2921; x_wconf 87' lang='lat' dir='ltr'>titulorumque</span> <span class='ocrx_word' id='word_1_181' title='bbox 1515 2898 1516 2905; x_wconf 69' lang='grc'>,</span> 
     </span>
    </p>
   </div>
   <div class='ocr_carea' id='block_1_11' title="bbox 302 2933 1411 3219">
    <p class='ocr_par' dir='ltr' id='par_1_11' title="bbox 302 2933 1411 3219">
     <span class='ocr_line' id='line_1_25' title="bbox 303 2933 1411 3019; baseline 0.002 -23"><span class='ocrx_word' id='word_1_182' title='bbox 303 2934 518 3019; x_wconf 78' lang='lat' dir='ltr'>praescribunt</span> <span class='ocrx_word' id='word_1_183' title='bbox 536 2933 695 3012; x_wconf 80' lang='lat' dir='ltr'>formulas,</span> <span class='ocrx_word' id='word_1_184' title='bbox 711 2933 825 3015; x_wconf 85' lang='lat' dir='ltr'>quibus</span> <span class='ocrx_word' id='word_1_185' title='bbox 847 2944 901 2994; x_wconf 86' lang='lat' dir='ltr'>aut</span> <span class='ocrx_word' id='word_1_186' title='bbox 925 2936 1019 2996; x_wconf 81' lang='lat' dir='ltr'>exteri</span> <span class='ocrx_word' id='word_1_187' title='bbox 1040 2935 1131 3019; x_wconf 84' lang='lat' dir='ltr'>legati</span> <span class='ocrx_word' id='word_1_188' title='bbox 1156 2937 1340 2999; x_wconf 82' lang='lat' dir='ltr'>CPlitsmun</span> <span class='ocrx_word' id='word_1_189' title='bbox 1357 2940 1411 2998; x_wconf 90' lang='lat' dir='ltr'>im-</span> 
     </span>
     <span class='ocr_line' id='line_1_26' title="bbox 302 3033 1409 3118; baseline 0.001 -20"><span class='ocrx_word' id='word_1_190' title='bbox 302 3045 477 3118; x_wconf 85' lang='lat' dir='ltr'>peratorem</span> <span class='ocrx_word' id='word_1_191' title='bbox 495 3054 530 3094; x_wconf 86' lang='lat' dir='ltr'>ex</span> <span class='ocrx_word' id='word_1_192' title='bbox 552 3053 639 3093; x_wconf 86' lang='lat' dir='ltr'>more</span> <span class='ocrx_word' id='word_1_193' title='bbox 658 3033 907 3115; x_wconf 80' lang='lat' dir='ltr'>alloquebanmr,</span> <span class='ocrx_word' id='word_1_194' title='bbox 920 3046 973 3095; x_wconf 82' lang='lat' dir='ltr'>aut</span> <span class='ocrx_word' id='word_1_195' title='bbox 999 3037 1066 3117; x_wconf 88' lang='lat' dir='ltr'>ipse</span> <span class='ocrx_word' id='word_1_196' title='bbox 1085 3040 1220 3098; x_wconf 85' lang='lat' dir='ltr'>vicissim</span> <span class='ocrx_word' id='word_1_197' title='bbox 1246 3040 1279 3098; x_wconf 91' lang='lat' dir='ltr'>in</span> <span class='ocrx_word' id='word_1_198' title='bbox 1302 3037 1409 3100; x_wconf 79' lang='lat' dir='ltr'>litteris</span> 
     </span>
     <span class='ocr_line' id='line_1_27' title="bbox 304 3133 1408 3219; baseline 0.002 -22"><span class='ocrx_word' id='word_1_199' title='bbox 304 3137 345 3197; x_wconf 90' lang='lat' dir='ltr'>ad</span> <span class='ocrx_word' id='word_1_200' title='bbox 367 3147 484 3196; x_wconf 82' lang='lat' dir='ltr'>exterus</span> <span class='ocrx_word' id='word_1_201' title='bbox 492 3135 646 3216; x_wconf 87' lang='lat' dir='ltr'>principes</span> <span class='ocrx_word' id='word_1_202' title='bbox 665 3135 729 3195; x_wconf 87' lang='lat' dir='ltr'>suis</span> <span class='ocrx_word' id='word_1_203' title='bbox 759 3133 914 3197; x_wconf 88' lang='lat' dir='ltr'>utebatur.</span> <span class='ocrx_word' id='word_1_204' title='bbox 957 3137 1046 3216; x_wconf 85' lang='lat' dir='ltr'>Quae</span> <span class='ocrx_word' id='word_1_205' title='bbox 1066 3136 1107 3197; x_wconf 86' lang='lat' dir='ltr'>ad</span> <span class='ocrx_word' id='word_1_206' title='bbox 1126 3139 1333 3219; x_wconf 83' lang='lat' dir='ltr'>processiones</span> <span class='ocrx_word' id='word_1_207' title='bbox 1350 3140 1408 3200; x_wconf 89' lang='lat' dir='ltr'>im-</span> 
     </span>
    </p>
   </div>
   <div class='ocr_carea' id='block_1_12' title="bbox 300 3231 1517 3329">
    <p class='ocr_par' dir='ltr' id='par_1_12' title="bbox 300 3231 1517 3329">
     <span class='ocr_line' id='line_1_28' title="bbox 300 3231 1517 3329; baseline 0.001 -31"><span class='ocrx_word' id='word_1_208' title='bbox 300 3235 493 3319; x_wconf 81' lang='lat' dir='ltr'>peratorum,</span> <span class='ocrx_word' id='word_1_209' title='bbox 516 3236 549 3294; x_wconf 92' lang='lat' dir='ltr'>in</span> <span class='ocrx_word' id='word_1_210' title='bbox 569 3231 679 3294; x_wconf 80' lang='lat' dir='ltr'>balnea</span> <span class='ocrx_word' id='word_1_211' title='bbox 704 3244 735 3294; x_wconf 87' lang='lat' dir='ltr'>et</span> <span class='ocrx_word' id='word_1_212' title='bbox 756 3231 867 3294; x_wconf 89' lang='lat' dir='ltr'>horrea</span> <span class='ocrx_word' id='word_1_213' title='bbox 887 3233 1058 3315; x_wconf 86' lang='lat' dir='ltr'>lustranda,</span> <span class='ocrx_word' id='word_1_214' title='bbox 1079 3257 1158 3318; x_wconf 87' lang='lat' dir='ltr'>quae</span> <span class='ocrx_word' id='word_1_215' title='bbox 1178 3235 1218 3297; x_wconf 88' lang='lat' dir='ltr'>ad</span> <span class='ocrx_word' id='word_1_216' title='bbox 1237 3238 1408 3320; x_wconf 87' lang='lat' dir='ltr'>triumphos</span> <span class='ocrx_word' id='word_1_217' title='bbox 1515 3314 1517 3329; x_wconf 86' lang='lat'><em>.</em></span> 
     </span>
    </p>
   </div>
   <div class='ocr_carea' id='block_1_13' title="bbox 272 3332 1409 4226">
    <p class='ocr_par' dir='ltr' id='par_1_13' title="bbox 272 3332 1409 4226">
     <span class='ocr_line' id='line_1_29' title="bbox 301 3332 1409 3420; baseline 0.002 -22"><span class='ocrx_word' id='word_1_218' title='bbox 301 3337 343 3398; x_wconf 91' lang='lat' dir='ltr'>de</span> <span class='ocrx_word' id='word_1_219' title='bbox 371 3335 510 3398; x_wconf 87' lang='lat' dir='ltr'>hostibus</span> <span class='ocrx_word' id='word_1_220' title='bbox 540 3334 668 3398; x_wconf 86' lang='lat' dir='ltr'>devictis</span> <span class='ocrx_word' id='word_1_221' title='bbox 698 3332 853 3417; x_wconf 82' lang='lat' dir='ltr'>agendos,</span> <span class='ocrx_word' id='word_1_222' title='bbox 886 3334 926 3395; x_wconf 85' lang='lat' dir='ltr'>ad</span> <span class='ocrx_word' id='word_1_223' title='bbox 945 3335 1116 3414; x_wconf 82' lang='lat' dir='ltr'>brumalis,</span> <span class='ocrx_word' id='word_1_224' title='bbox 1147 3349 1306 3420; x_wconf 85' lang='lat' dir='ltr'>speetant;</span> <span class='ocrx_word' id='word_1_225' title='bbox 1338 3342 1409 3400; x_wconf 88' lang='lat' dir='ltr'>item</span> 
     </span>
     <span class='ocr_line' id='line_1_30' title="bbox 304 3424 1408 3520; baseline 0.003 -23"><span class='ocrx_word' id='word_1_226' title='bbox 304 3457 383 3520; x_wconf 89' lang='lat' dir='ltr'>quae</span> <span class='ocrx_word' id='word_1_227' title='bbox 410 3437 449 3498; x_wconf 85' lang='lat' dir='ltr'>de</span> <span class='ocrx_word' id='word_1_228' title='bbox 481 3435 586 3496; x_wconf 86' lang='lat' dir='ltr'>liberis</span> <span class='ocrx_word' id='word_1_229' title='bbox 622 3436 759 3518; x_wconf 76' lang='lat' dir='ltr'>augtrstis</span> <span class='ocrx_word' id='word_1_230' title='bbox 786 3424 891 3496; x_wconf 81' lang='lat' dir='ltr'>recens</span> <span class='ocrx_word' id='word_1_231' title='bbox 924 3439 1029 3515; x_wconf 89' lang='lat' dir='ltr'>natis,</span> <span class='ocrx_word' id='word_1_232' title='bbox 1052 3449 1083 3498; x_wconf 89' lang='lat' dir='ltr'>et</span> <span class='ocrx_word' id='word_1_233' title='bbox 1102 3436 1187 3498; x_wconf 85' lang='lat' dir='ltr'>unda</span> <span class='ocrx_word' id='word_1_234' title='bbox 1210 3437 1337 3501; x_wconf 84' lang='lat' dir='ltr'>salutari</span> <span class='ocrx_word' id='word_1_235' title='bbox 1361 3438 1408 3500; x_wconf 90' lang='lat' dir='ltr'>ln·</span> 
     </span>
     <span class='ocr_line' id='line_1_31' title="bbox 302 3534 1408 3623; baseline 0.003 -25"><span class='ocrx_word' id='word_1_236' title='bbox 302 3537 448 3619; x_wconf 85' lang='lat' dir='ltr'>strandis,</span> <span class='ocrx_word' id='word_1_237' title='bbox 470 3547 524 3598; x_wconf 85' lang='lat' dir='ltr'>aut</span> <span class='ocrx_word' id='word_1_238' title='bbox 544 3534 729 3614; x_wconf 89' lang='lat' dir='ltr'>tondendis,</span> <span class='ocrx_word' id='word_1_239' title='bbox 751 3534 791 3595; x_wconf 88' lang='lat' dir='ltr'>de</span> <span class='ocrx_word' id='word_1_240' title='bbox 810 3536 1057 3619; x_wconf 79' lang='lat' dir='ltr'>patriarcharum</span> <span class='ocrx_word' id='word_1_241' title='bbox 1084 3535 1250 3619; x_wconf 89' lang='lat' dir='ltr'>electione,</span> <span class='ocrx_word' id='word_1_242' title='bbox 1284 3540 1323 3600; x_wconf 91' lang='lat' dir='ltr'>de</span> <span class='ocrx_word' id='word_1_243' title='bbox 1355 3561 1408 3623; x_wconf 85' lang='lat' dir='ltr'>sp·-</span> 
     </span>
     <span class='ocr_line' id='line_1_32' title="bbox 302 3637 1408 3723; baseline 0.001 -24"><span class='ocrx_word' id='word_1_244' title='bbox 302 3649 413 3723; x_wconf 86' lang='lat' dir='ltr'>parutu</span> <span class='ocrx_word' id='word_1_245' title='bbox 433 3637 537 3701; x_wconf 85' lang='lat' dir='ltr'>navali</span> <span class='ocrx_word' id='word_1_246' title='bbox 567 3640 600 3698; x_wconf 92' lang='lat' dir='ltr'>in</span> <span class='ocrx_word' id='word_1_247' title='bbox 635 3639 789 3720; x_wconf 74' lang='lat' dir='ltr'>geminam</span> <span class='ocrx_word' id='word_1_248' title='bbox 816 3639 1059 3720; x_wconf 84' lang='lat' dir='ltr'>expeditionem,</span> <span class='ocrx_word' id='word_1_249' title='bbox 1087 3638 1264 3700; x_wconf 85' lang='lat' dir='ltr'>Cretensem</span> <span class='ocrx_word' id='word_1_250' title='bbox 1291 3661 1408 3719; x_wconf 80' lang='lat' dir='ltr'>unam,</span> 
     </span>
     <span class='ocr_line' id='line_1_33' title="bbox 299 3737 1409 3822; baseline -0.001 -22"><span class='ocrx_word' id='word_1_251' title='bbox 299 3737 437 3812; x_wconf 74' lang='lat' dir='ltr'>&#39;alteram</span> <span class='ocrx_word' id='word_1_252' title='bbox 465 3737 753 3822; x_wconf 77' lang='lat' dir='ltr'>Langobardicnm,</span> <span class='ocrx_word' id='word_1_253' title='bbox 785 3737 979 3817; x_wconf 86' lang='lat' dir='ltr'>traduntur,</span> <span class='ocrx_word' id='word_1_254' title='bbox 1022 3738 1108 3819; x_wconf 87' lang='lat' dir='ltr'>alin,</span> <span class='ocrx_word' id='word_1_255' title='bbox 1134 3759 1214 3822; x_wconf 80' lang='lat' dir='ltr'>qnae</span> <span class='ocrx_word' id='word_1_256' title='bbox 1233 3759 1409 3822; x_wconf 86' lang='lat' dir='ltr'>percensere</span> 
     </span>
     <span class='ocr_line' id='line_1_34' title="bbox 302 3836 1407 3922; baseline -0.001 -21"><span class='ocrx_word' id='word_1_257' title='bbox 302 3837 423 3921; x_wconf 75' lang='lat' dir='ltr'>singula</span> <span class='ocrx_word' id='word_1_258' title='bbox 441 3837 568 3922; x_wconf 83' lang='lat' dir='ltr'>longum</span> <span class='ocrx_word' id='word_1_259' title='bbox 589 3837 686 3900; x_wconf 80' lang='lat' dir='ltr'>foret:</span> <span class='ocrx_word' id='word_1_260' title='bbox 709 3855 746 3898; x_wconf 88' lang='lat' dir='ltr'>ea</span> <span class='ocrx_word' id='word_1_261' title='bbox 767 3839 872 3899; x_wconf 87' lang='lat' dir='ltr'>omnia</span> <span class='ocrx_word' id='word_1_262' title='bbox 890 3836 1094 3922; x_wconf 84' lang='lat' dir='ltr'>multiplicem</span> <span class='ocrx_word' id='word_1_263' title='bbox 1119 3849 1152 3902; x_wconf 87' lang='lat' dir='ltr'>et</span> <span class='ocrx_word' id='word_1_264' title='bbox 1171 3861 1264 3903; x_wconf 86' lang='lat' dir='ltr'>usum</span> <span class='ocrx_word' id='word_1_265' title='bbox 1284 3851 1316 3902; x_wconf 93' lang='lat' dir='ltr'>et</span> <span class='ocrx_word' id='word_1_266' title='bbox 1335 3839 1407 3901; x_wconf 79' lang='lat' dir='ltr'>dele</span> 
     </span>
     <span class='ocr_line' id='line_1_35' title="bbox 297 3937 838 4019; baseline -0.006 -18"><span class='ocrx_word' id='word_1_267' title='bbox 297 3941 469 4002; x_wconf 71' lang='lat' dir='ltr'>strabonem</span> <span class='ocrx_word' id='word_1_268' title='bbox 488 3938 615 4018; x_wconf 87' lang='lat' dir='ltr'>habere,</span> <span class='ocrx_word' id='word_1_269' title='bbox 637 3937 722 3998; x_wconf 87' lang='lat' dir='ltr'>ultro</span> <span class='ocrx_word' id='word_1_270' title='bbox 741 3946 838 4019; x_wconf 84' lang='lat' dir='ltr'>patet.</span> 
     </span>
     <span class='ocr_line' id='line_1_36' title="bbox 387 4037 1407 4126; baseline 0.004 -26"><span class='ocrx_word' id='word_1_271' title='bbox 387 4040 425 4100; x_wconf 89' lang='lat' dir='ltr'>ln</span> <span class='ocrx_word' id='word_1_272' title='bbox 454 4039 513 4102; x_wconf 86' lang='lat' dir='ltr'>bac</span> <span class='ocrx_word' id='word_1_273' title='bbox 540 4039 635 4124; x_wconf 76' lang='lat' dir='ltr'>igitur</span> <span class='ocrx_word' id='word_1_274' title='bbox 656 4037 774 4099; x_wconf 79' lang='lat' dir='ltr'>edenda</span> <span class='ocrx_word' id='word_1_275' title='bbox 794 4047 905 4120; x_wconf 84' lang='lat' dir='ltr'>parte,</span> <span class='ocrx_word' id='word_1_276' title='bbox 926 4060 990 4100; x_wconf 91' lang='lat' dir='ltr'>non</span> <span class='ocrx_word' id='word_1_277' title='bbox 1010 4041 1113 4102; x_wconf 85' lang='lat' dir='ltr'>minus</span> <span class='ocrx_word' id='word_1_278' title='bbox 1132 4052 1226 4125; x_wconf 87' lang='lat' dir='ltr'>atque</span> <span class='ocrx_word' id='word_1_279' title='bbox 1246 4041 1300 4103; x_wconf 84' lang='lat' dir='ltr'>illa</span> <span class='ocrx_word' id='word_1_280' title='bbox 1321 4060 1407 4126; x_wconf 83' lang='lat' dir='ltr'>supe-</span> 
     </span>
     <span class='ocr_line' id='line_1_37' title="bbox 272 4136 1407 4226; baseline 0.004 -24"><span class='ocrx_word' id='word_1_281' title='bbox 272 4137 275 4144; x_wconf 81' lang='lat'>&#39;</span> <span class='ocrx_word' id='word_1_282' title='bbox 301 4143 396 4224; x_wconf 85' lang='lat' dir='ltr'>riore,</span> <span class='ocrx_word' id='word_1_283' title='bbox 412 4148 498 4202; x_wconf 80' lang='lat' dir='ltr'>tanta</span> <span class='ocrx_word' id='word_1_284' title='bbox 512 4149 651 4204; x_wconf 79' lang='lat' dir='ltr'>versatus</span> <span class='ocrx_word' id='word_1_285' title='bbox 663 4137 709 4202; x_wconf 77' lang='lat' dir='ltr'>fin</span> <span class='ocrx_word' id='word_1_286' title='bbox 719 4136 879 4222; x_wconf 76' lang='lat' dir='ltr'>religione,</span> <span class='ocrx_word' id='word_1_287' title='bbox 894 4151 931 4202; x_wconf 88' lang='lat' dir='ltr'>ut</span> <span class='ocrx_word' id='word_1_288' title='bbox 943 4142 1194 4208; x_wconf 75' lang='lat' dir='ltr'>membranarum</span> <span class='ocrx_word' id='word_1_289' title='bbox 1208 4143 1407 4226; x_wconf 84' lang='lat' dir='ltr'>Lipsiensiunt</span> 
     </span>
    </p>
   </div>
   <div class='ocr_carea' id='block_1_14' title="bbox 0 0 1526 4825">
    <p class='ocr_par' dir='ltr' id='par_1_14' title="bbox 0 0 1526 4825">
     <span class='ocr_line' id='line_1_38' title="bbox 0 0 1526 4825; baseline 0 0"><span class='ocrx_word' id='word_1_290' title='bbox 0 0 1526 4825; x_wconf 95' lang='lat' dir='ltr'> </span> 
     </span>
    </p>
   </div>
  </div>
 </body>
</html>
