3042 4825
314 246 368 310 os
399 241 597 314 cnosson.
636 243 774 308 somn
804 241 975 308 ornos.
1001 245 1042 308 ιι.
1066 248 1122 318 55.
1185 219 1265 306 801

559 446 614 510 Διά
634 457 692 512 τάν
708 459 862 530 θνροιρολν.

250 559 289 629 Oi
311 559 459 648 θυρωροὶ
477 563 536 644 τῆς
553 559 760 645 θερμάστρας
776 607 801 643 ,,
824 556 865 643 β’,
889 558 920 623 οῖ
936 563 1083 646 θυρωροί
1100 563 1161 628 τοῦ
1176 559 1271 626 inno.

163 663 286 750 δρόμου
309 713 329 742 ,,
353 663 395 744 β,
420 657 450 746 οῖ
472 661 695 745 διατρέχοντες
718 705 742 742 ,‚
761 656 802 741 β,
825 657 856 723 οἱ
875 655 1071 745 κορτινάριοι
1093 705 1118 745 „
1138 659 1183 744 οἵ,
1201 668 1271 743 μιλ.

17 775 27 806 ·“
135 843 137 846 ¹
166 762 203 844 ζ,
227 759 257 826 οἱ
278 755 690 864 βασιλικοίιάρμοφάλακες
712 806 737 840 ‚‚
753 756 794 841 β.
836 756 920 840 άμοά
945 757 1002 824 διά
1023 765 1165 847 χρασιλιο
1186 811 1207 844 ,,
1225 760 1270 845 θ’,

142 867 231 944 ὅμιλ.
258 857 294 940 ζ’.
1080 869 1102 896 “

550 941 605 998 Arsi
626 945 684 998 τάν
695 943 875 1014 λρωταψιαῑν.

243 1047 282 1112 ‘0
303 1045 527 1132 κανστρίνσιος
551 1030 574 1130 ,ς
599 1043 641 1128 α’,
663 1043 681 1110 ά
706 1040 958 1132 ρέφὲρενάάριος
976 1093 999 1127 ,,
1020 1043 1061 1128 α’,
1080 1049 1149 1128 μιλ.
1170 1042 1208 1121 ς’.
1238 1041 1271 1112 oi

163 1143 326 1230 βασιλικοί
352 1145 498 1233 κληρικοί
523 1195 544 1227 ,,
565 1141 600 1226 s',
632 1143 663 1208 οῖ
691 1141 817 1227 ψάλται
845 1146 902 1230 τῆς
929 1143 1023 1229 άγίας
1042 1142 1167 1232 Σοφίας
1186 1196 1208 1227 ,,
1227 1142 1294 1230 W

163 1245 193 1310 οἱ
215 1241 374 1332 ὑπουργοί
392 1247 451 1310 τοῦ
471 1245 633 1331 νάρθηκος
659 1250 727 1326 μιλ.
750 1240 791 1326 δ’,
819 1239 851 1308 οἱ
871 1242 1075 1327 άναγκῶσται
1096 1247 1159 1309 τῶν
1185 1241 1214 1327 (ί
1235 1239 1418 1315 ἓ-Μι.ιι63.λι

17 1335 24 1378 ³
123 1341 337 1430 ιοβδομάδων
360 1393 384 1428 ‚‚
409 1347 449 1428 β,
489 1339 730 1430 ὅσκοοοφάλαξ
750 1393 772 1424 ,,
794 1339 837 1425 α’,
865 1339 896 1407 οἱ
917 1339 1077 1429 άστιάριοι
1095 1347 1154 1409 τοῦ
1174 1341 1267 1429 ἅγιον

166 1449 306 1534 φρέατος
333 1441 461 1527 μιλ.ἐ’,
502 1441 533 1509 οἱ
552 1441 759 1519 άποδιάκονες
786 1447 854 1525 μιλ.
876 1438 914 1526 ς’,
947 1439 979 1507 οἷ
1006 1442 1189 1530 στράτωρες
1209 1446 1270 1510 τοῦ

164 1542 372 1632 πατριάρχου
394 1550 463 1628 μιλ.
484 1541 517 1626 s',
549 1538 579 1608 οἱ
608 1538 809 1626 βαλαντάάας
835 1548 906 1626 μιλ.
926 1539 961 1624 ε’,
996 1539 1027 1606 οἱ
1046 1542 1273 1609 ἒπισκοπιανοί

161 1650 232 1726 μιλ.
252 1639 287 1725 s',
333 1641 351 1706 ὅ
373 1643 557 1726 cispio-roasa
583 1642 647 1708 τάν
667 1638 892 1707 άπαδιακάνων
909 1647 979 1722 μιλ.
1000 1638 1037 1722 ς’,
1075 1641 1096 1726 ἡ
1119 1643 1270 1728 ἐκκλησίαι

161 1743 219 1808 τοῦ
239 1744 381 1829 σωτῆρος
402 1743 462 1806 τοῦ
482 1739 684 1828 Σταορακάιυ
701 1737 772 1824 „ds
793 1741 814 1825 ἡ
836 1740 987 1825 ἐκκλησία
1005 1742 1071 1804 τάν
1091 1737 1270 1826 α’κοιμήτων
1291 1816 1296 1826 ἱ

124 1838 222 1925 15„y',
244 1835 264 1925 ἦ
287 1843 436 1925 ἐκκλησίαι
457 1845 515 1906 τοῦ
535 1840 664 1926 Κυράνα
686 1869 707 1922 s's
726 1865 767 1921 os,
788 1836 820 1904 οἱ
841 1842 969 1904 άεκανοί
985 1841 1043 1904 τοῦ
1063 1837 1269 1926 πατριάρχου

19 1927 29 1949 “
162 1946 228 2022 μιλ
251 1939 292 2022 ά,
314 1938 345 2005 οἱ
368 1936 536 2004 διποτάτοι
557 1942 614 2023 τῆς
634 1938 728 2023 άγίοις
749 1940 873 2025 Σοφίας
891 1944 959 2019 μιλ.
979 1935 1017 2022 γ’,
1038 1935 1071 2003 οἱ
1091 1944 1148 2023 τῆς
1168 1963 1272 2005 σποοο

163 2041 221 2124 άῆς
241 2045 309 2119 μιλ.
323 2035 365 2126 η’,
388 2039 418 2103 οἱ
438 2041 494 2124 ’τῆς
514 2039 747 2125 παρασποσάῆς
766 2043 835 2119 μιλ.
857 2034 891 2119 s',
916 2034 1103 2124 ἦέκκλησία
1118 2042 1182 2103 τάν
1198 2043 1270 2103 Ba·

162 2137 289 2203 σιλίάοο
312 2189 335 2220 ,,
358 2137 398 2220 α’,
421 2137 439 2201 ά
462 2135 552 2221 ἅγιος
580 2139 748 2224 Στέφανος
769 2139 816 2213 εἰς
836 2134 890 2201 τὸν
910 2133 1112 2224 ἱππόδρομον
1131 2187 1153 2220 ,,
1176 2139 1215 2218 α’,
1246 2139 1299 2224 dc

162 2238 311 2322 ἐκκλησία
329 2241 394 2302 τῶν
414 2235 512 2321 ἁγίων
532 2238 669 2323 Σεργίοο
690 2235 747 2302 καί
767 2237 902 2319 Βάκχον
925 2285 950 2321 ,‚
972 2234 1013 2320 α’,
1035 2235 1054 2302 ὅ
1074 2233 1165 2322 άγιος
1183 2235 1262 2303 Θεά-

121 2338 268 2421 οοάιορσς
292 2386 315 2420 ,,
337 2334 377 2420 α’,
398 2335 415 2402 ά
440 2333 529 2422 ἅγιος
545 2335 739 2412 Καλλίνικος
758 2389 780 2420 ,,
800 2335 841 2418 α’,
862 2336 882 2425 ἦ
904 2338 1054 2423 ἐκκλησία
1074 2341 1272 2404 roiensi...

165 2433 217 2517 ιβ,
252 2434 269 2500 ά
292 2432 383 2522 άγιος
402 2440 562 2524 Στέφανος
582 2436 628 2515 εἰς
647 2435 707 2523 την
729 2436 865 2525 Δάφνην
884 2487 907 2520 „
928 2434 967 2520 α’,
998 2436 1019 2520 ἡ
1042 2438 1190 2504 διακονία
1209 2439 1271 2505 τάν

605 2658 654 2694 sno
676 2658 825 2700 Formiis,

234 2740 352 2797 Portarii
370 2742 523 2799 calfactorii
542 2753 591 2799 snt
607 2744 745 2815 vaporarii
764 2739 906 2813 accipiunt
919 2758 995 2797 num.
1011 2759 1042 2809 23
1067 2744 1133 2799 circi
1152 2748 1225 2802 item
1237 2762 1269 2815 at

165 2814 233 2867 item
252 2814 409 2882 vernaculi3
435 2816 579 2869 eortinarii
598 2831 646 2869 seu
666 2814 856 2869 observatores
875 2812 998 2868 velorum
1016 2834 1094 2873 num.
1112 2836 1141 2881 r,
1159 2819 1215 2870 mil.
1232 2836 1264 2889 ης

162 2886 321 3007 impepliaies
344 2885 553 2957 armophyiaees
569 2888 613 2941 rel
628 2886 755 2940 custodes
771 2902 910 2940 armorum
926 2903 1001 2941 nuno
1019 2904 1062 2980 ss.⁸
1080 2888 1158 2941 Facit
1171 2905 1269 2943 aureos

184 2972 267 3020 ,nr1.
300 2992 307 3009 .

164 2974 183 3027 9
283 2974 297 3027 7
458 3041 968 3119 stsusisania1ssrssosecorsrrs].

233 3148 384 3201 Castrensis
404 3146 550 3221 [ecelesiae
567 3149 612 3200 rei
629 3145 821 3223 patriarchae]
842 3152 943 3220 scripit
959 3166 1035 3201 num.
1055 3165 1085 3215 ις
1103 3148 1266 3203 referenda-

163 3221 221 3273 rius
241 3216 382 3289 [ecclesiae
402 3220 446 3273 vel
465 3220 638 3289 patriarchae
651 3236 726 3273 num.
747 3239 774 3283 s,
793 3222 894 3287 πολλᾶς
913 3221 1055 3273 clerioiinr
1077 3222 1176 3274 eriaies
1188 3240 1265 3279 num.

164 3292 195 3353 53
213 3290 319 3359 psaltae
337 3306 387 3341 seu
401 3298 525 3343 cantores
542 3290 568 3343 S.
585 3288 705 3359 Sophiae
720 3306 794 3344 num.
810 3309 840 3361 ος
860 3290 981 3345 ministri
997 3308 1046 3343 nar
1079 3292 1135 3345 scis
1154 3293 1213 3349 mil,
1230 3292 1264 3361 43

162 3368 330 3430 anagnostae
348 3378 397 3413 sen
416 3361 533 3414 lectores
555 3360 669 3413 duarum
691 3364 905 3432 septimanarum
919 3363 1044 3415 numism.
1059 3381 1090 3427 ος
1108 3363 1264 3431 sceuophy-

106 3446 111 3465 ι
165 3432 211 3483 lox
223 3448 272 3482 seu
290 3447 427 3483 sacrorum
444 3448 571 3484 rasorum
590 3440 681 3485 custos
699 3450 773 3483 num.
793 3451 821 3498 ις
840 3433 948 3486 ostiarii
960 3433 1048 3485 sancti
1062 3436 1140 3501 putei
1157 3434 1214 3485 mii.
1232 3438 1263 3500 ὃς

163 3498 368 3570 hypodiacones
398 3518 447 3555 seu
471 3502 634 3557 subdiaconi
660 3504 718 3555 mil.
737 3508 772 3571 63
804 3511 934 3557 stratores
959 3503 1130 3574 patriarchae
1159 3506 1217 3555 mil.
1233 3507 1263 3570 53

162 3570 327 3625 bolautades
345 3572 404 3633 mil.
420 3574 456 3639 5;
473 3574 644 3643 episeopiani
656 3576 715 3629 mil.
732 3576 758 3639 5;
778 3572 919 3627 domestic.
931 3572 1086 3645 hypodiaco
1107 3590 1187 3627 orum
1202 3576 1261 3637 mil.

163 3642 198 3705 63
216 3643 333 3696 eeclesia
348 3642 498 3697 salvatoris
514 3646 544 3696 in
560 3646 727 3698 monasterio
743 3645 881 3697 Staurscii
898 3662 973 3698 num.
989 3664 1019 3711 ος
1041 3648 1159 3697 eccesia
1175 3648 1261 3700 Acor-

119 3772 121 3777 .
163 3722 298 3765 raetorum
318 3732 393 3772 num.
406 3718 437 3781 ὃς
456 3714 571 3767 ecclesia
587 3716 699 3767 Domini
715 3734 791 3774 num.
810 3734 839 3782 ις
857 3716 954 3769 decani
973 3716 1146 3785 patriarchae
1161 3716 1261 3784 οὐλάς

166 3782 285 3849 dipotati
304 3786 346 3837 vel
367 3786 492 3854 deputati
513 3786 540 3837 8.
558 3785 678 3855 Sophiae
696 3786 754 3840 mil.
773 3788 817 3852 34
836 3786 964 3840 monaehi
981 3789 1141 3839 monasterii
1154 3787 1261 3855 Sprsdes

163 3852 220 3903 mii.
234 3858 264 3915 ὃς
283 3856 409 3908 monachi
424 3857 584 3908 monasterii
600 3856 770 3925 Parospudes
789 3858 847 3909 soil.
861 3861 892 3923 53
917 3843 1031 3911 sacieris
1048 3860 1077 3907 in
1092 3859 1260 3910 monasterio

162 3922 300 3974 Basilidas
315 3944 388 3979 num.
409 3944 440 3989 ις
457 3928 484 3979 S.
496 3926 651 3997 Stephanus
667 3927 732 3979 circi
747 3931 874 3979 numism.
895 3947 921 3993 ις
938 3928 1054 3981 ecclesis
1071 3927 1116 3980 88.
1131 3927 1218 3997 Sergii
1233 3936 1262 3980 et

160 3992 261 4045 Bacchi
278 4012 354 4052 num.
371 4016 399 4060 ις
420 3998 446 4049 S.
464 3996 627 4051 Theodorus
645 4016 718 4051 num.
736 4017 767 4065 s;
793 4000 818 4051 S.
837 3998 987 4052 Gaiiinicus
1008 4015 1081 4049 num.
1098 4016 1125 4065 ις
1143 4000 1259 4050 ecelesia

160 4067 322 4117 monosterii
339 4066 463 4119 Peiecani
479 4088 551 4121 oum.
568 4087 598 4131 ας
617 4070 642 4121 8.
660 4069 816 4137 Stephanus
830 4070 960 4139 Daphnes
976 4086 1050 4122 num.
1067 4087 1113 4135 ¹¹5
1131 4070 1259 4122 diaconia

165 4132 220 4207 [vei
240 4152 337 4204 corpus
351 4136 538 4211 diaconorum}
559 4141 719 4191 monasterii
734 4140 853 4206 Urbicii,
872 4140 948 4211 qnod
959 4144 1112 4211 prosodiae
1131 4146 1179 4193 aut
1192 4158 1257 4211 pro·
1293 4147 1295 4150 ’

233 4242 432 4294 Constantinus
450 4241 584 4311 Porphyr.
607 4244 664 4295 Vol.
682 4242 704 4293 1.
1025 4245 1056 4297 5ο
