3042 4825
270 171 349 263 132
468 205 739 328 cousrrurrur
771 204 1140 284 rourumocaum

259 355 337 432 λεύς
358 359 470 424 δι’δωσι
490 365 535 450 τῷ
565 369 779 456 προιποοίτηι,
810 362 886 433 ὅδὲ
914 367 1123 456 πραιαύσιτος
1148 373 1360 457 ιιοαβικοολα4

260 459 337 545 ρι’ρι,
360 456 417 522 κατ’
433 464 491 523 τοῦ
522 464 707 542 δομεστάιον
729 465 787 530 καὶ
812 471 872 531 τοῦ
889 473 947 553 τῆς
965 467 1189 546 καταπόσεως
1216 469 1357 538 στάντων

257 555 292 620 ἐν
311 559 355 644 argi
373 553 457 645 τόπῳ
479 560 594 641 αῦτιῦν,
618 565 839 648 εὐφημοῦντας
857 567 916 632 nai
934 572 994 633 τοῦ
1014 566 1119 654 δήμου
1139 568 1195 635 τάν
1205 573 1355 655 βασιλέα,

176 723 180 730 ,
210 753 213 758 ¹
257 647 276 715 ὅ
307 657 488 736 δαμέστικος
514 661 577 723 rav
603 667 729 744 σχολῶν
755 671 1009 753 κατασφραχίζει
1036 669 1118 751 μετά
1138 674 1194 754 τῆς
1212 673 1356 755 χροακῆς

228 751 378 836 Βαύτοῦ,
403 747 442 841 ἧς
463 766 563 844 φορεῖ
576 764 738 843 χλανιδος.
780 764 914 831 καὶτοῦ
935 765 1040 853 δημοῦ
1061 771 1277 844 ἐπιτελέσαντος
1294 766 1375 844 uid

253 857 290 932 ἕξ
308 849 405 930 isaac
425 857 608 943 εύφημέας,
630 863 793 947 διέρχεται
814 862 870 930 διά
890 869 954 933 νῦν
971 871 1098 950 σχολῦν
1117 867 1176 933 καὶ
1192 868 1356 955 ἐξέρχεται

251 951 309 1038 την
329 951 470 1040 μεγάλην
490 954 595 1043 πύλην
613 963 670 1044 τῆς
689 967 813 1048 χαλκῆς
822 1015 832 1046 ,
854 961 923 1032 εἶτα
936 963 1092 1033 διοδεύων
1105 964 1160 1033 διά
1174 968 1353 1052 τῆςμέσης,

252 1053 434 1140 εἰσέρχεται
456 1053 511 1120 διά
530 1061 588 1122 τοῦ
603 1061 846 1144 αύγουστιῦονος.
865 1061 901 1129 αἱ
920 1067 959 1130 δέ
974 1064 1088 1132 λοιπαὶ
1105 1065 1205 1150 δοχαὶ
1220 1068 1279 1131 τοῦ
1295 1089 1355 1131 us-

252 1157 387 1239 ρατικοῦ
409 1149 513 1239 δήμου
540 1160 603 1223 νῦν
631 1165 812 1247 Πρασένιον
837 1162 895 1229 καὶ
918 1161 1025 1249 δῆμον
1051 1169 1116 1232 τῦν
1134 1165 1278 1232 Robur
1295 1161 1355 1229 soi

251 1253 346 1320 αύτοί
365 1255 569 1341 εύφημοῦσι,
599 1258 658 1324 καὶ
683 1260 881 1339 ἐπιδιδόντες
898 1261 940 1330 τά
960 1259 1168 1351 λιβελλάρια,
1189 1265 1394 1338 ποιοῦπεςιο

248 1350 307 1418 καί
335 1357 492 1440 οτανρέα,
524 1356 544 1420 ά
574 1358 855 1448 δημοκράτηςτεῦν
874 1366 1053 1450 Πρασέναν
1084 1361 1142 1428 καὶ
1160 1359 1192 1428 oi
1211 1358 1271 1428 δύο
1291 1358 1351 1446 δὴ-

248 1477 373 1539 μαρχοι
391 1456 455 1520 ταῖν
473 1459 582 1543 μεριῦν
603 1461 784 1526 ἐκτελοῦσιν
805 1457 931 1527 ἅπαντα
951 1457 1153 1544 ἀκολούθως,
1176 1455 1214 1527 ῦν
1230 1457 1349 1547 τρόπον

109 1553 213 1612 Μιδδ·
225 1551 305 1618 axos*
324 1553 342 1616 ῦ
364 1556 547 1635 δομέοτικος
566 1561 629 1622 τοῦν
649 1563 776 1642 σχολιῦν
795 1563 964 1640 ἐξετέλεσε.
1006 1563 1077 1651 (A.)
1099 1560 1173 1628 Καὶ
1185 1556 1348 1627 coramv-

244 1675 299 1728 τος
318 1656 377 1720 τοῦ
400 1655 559 1737 βασιλέως
578 1653 640 1743 νιρύ
660 1661 719 1722 τοῦ
738 1656 901 1746 νάρθηκος
919 1658 1010 1725 ἔνδον
1038 1663 1098 1726 τοῦ
1114 1658 1235 1746 βηλοῦ,
1263 1665 1348 1741 tap-

121 1779 136 1794 ·
244 1747 336 1834 βάνει
357 1751 376 1816 o‘
401 1753 609 1838 αραιπάσιτος
628 1754 664 1821 τά
687 1757 813 1840 στέμμα
842 1757 905 1822 αἰιά
935 1761 993 1844 τῆς
1012 1762 1155 1846 κεφαλῆς
1173 1762 1232 1824 τοῦ
1250 1762 1388 1841 βασι-ις

214 1854 334 1934 clerae,
358 1854 537 1940 εἰσέρχεται
558 1851 575 1917 ὃ
596 1853 752 1938 βασιλεύς
772 1859 808 1923 έν
825 1860 870 1947 api
889 1856 1039 1945 νάρθηκι,
1060 1858 1117 1925 καί
1135 1861 1264 1943 δέχεται
1284 1851 1346 1923 csi-

244 1948 300 2017 τάν
321 1950 340 2016 ύ
362 1949 572 2040 πατριάρχης,
595 1949 664 2020 εἶτα
685 1954 958 2041 προσκυνήσαντες
979 1953 1138 2044 α’λλὴλοος
1157 1955 1214 2021 καί
1238 1958 1346 2022 doua-

244 2048 398 2134 σάμενοι,
421 2051 632 2136 κρατήσαντες
653 2048 799 2136 ἀλλήλων
821 2053 880 2133 τάς
904 2065 1040 2144 χεῖρας,
1077 2059 1257 2141 διέρχονται
1284 2057 1345 2138 μέ-

242 2174 303 2237 χρι
332 2155 394 2216 νῦν
420 2156 595 2234 βασιλικῶν
624 2155 751 2234 πολύν,
781 2155 912 2220 κδκεῖσε
938 2153 1017 2231 στάς
1038 2155 1058 2220 o‘
1077 2153 1231 2239 βασιλεύς
1251 2148 1345 2221 άιιτει

243 2249 372 2334 κηρούς,
394 2249 526 2315 καὶτοῦ
545 2247 746 2338 πατριάρχου
767 2254 983 2331 ἐπιτελέσαντος
1001 2252 1059 2340 την
1079 2252 1181 2339 εύχην
1198 2257 1255 2340 τῆς
1274 2258 1384 2322 elo-ao

245 2346 324 2416 ύδοο
353 2353 409 2436 τῆς
439 2353 533 2427 θείας
554 2355 770 2438 λειτουρηάας,
792 2352 995 2421 έαιδέδωσιύ
1014 2351 1169 2439 βασιλεῦς
1186 2379 1229 2446 τερ
1243 2378 1342 2442 αραι-

245 2455 362 2541 ποσέτιρ
383 2448 458 2527 τούς
477 2449 610 2538 κηρούς,
632 2450 688 2516 καί
708 2448 725 2515 o‘
747 2448 957 2538 αραιιιύσιτος
977 2459 1022 2545 τῷ
1040 2458 1097 2540 τῆς
1108 2451 1341 2531 καταστάσεως.

244 2550 303 2617 καὶ
322 2548 547 2633 οἷαπασάμενος
566 2547 583 2615 ά
603 2549 756 2634 βασιλεύς
775 2551 811 2617 τύ
831 2546 990 2639 ἄχραντον
1011 2557 1214 2639 enarrem,
1235 2556 1342 2639 εἰσέρ·

241 2676 336 2735 χεται
354 2652 452 2732 μέσον
472 2648 527 2715 διά
546 2654 605 2716 τοῦ
623 2654 712 2733 ναοῦ,
733 2650 790 2717 καί
809 2648 864 2716 διά
881 2656 938 2737 τῆς
958 2656 1095 2736 πλαχάις
1113 2654 1173 2718 τοῦ
1192 2646 1340 2735 ἄμβωνας

242 2750 372 2835 καὶτῆς
392 2754 534 2826 σωλαύας
554 2750 700 2833 διελθών,
722 2750 847 2816 ἵσταται
859 2747 993 2817 svium
1011 2756 1074 2817 τῶν
1095 2751 1194 2835 άχίων
1212 2754 1378 2835 &optim

242 2848 300 2915 καί
318 2846 426 2933 λαβύν
446 2854 542 2936 κηρία
563 2849 625 2917 άπὸ
647 2854 705 2917 τοῦ
724 2853 934 2938 πραιποσέτοα
955 2849 1013 2917 καὶ
1027 2847 1210 2934 εῦξάμενος,
1231 2850 1338 2916 sucit-

243 3044 281 3103 te,
308 3036 475 3093 domesticus
502 3038 655 3094 scholarum
681 3039 773 3093 tunica
797 3056 845 3093 sua
868 3040 1027 3110 variegata,
1044 3054 1127 3111 qnam
1144 3039 1231 3109 gerit,
1248 3037 1337 3091 erneis

242 3110 265 3162 si
285 3128 350 3161 uum
369 3110 445 3163 facit.
488 3112 632 3181 Postquam
655 3112 738 3164 factio
762 3112 890 3163 solennes
908 3112 1117 3162 acclamationes
1135 3110 1257 3179 peregit,
1283 3124 1335 3179 per

243 3128 348 3233 arbelae
368 3182 483 3245 transit,
501 3180 639 3251 digressus
657 3200 707 3252 per
725 3181 850 3243 scholas,
869 3199 884 3233 e
901 3198 997 3250 magna
1016 3188 1096 3251 porta
1114 3179 1220 3232 chalcos
1235 3195 1335 3249 proce·

243 3252 302 3315 dit,
321 3268 427 3321 perque
446 3250 564 3303 mediam
582 3254 732 3315 transiens,
753 3260 912 3322 augusteum
931 3254 1023 3303 intrat.
1049 3252 1085 3303 At
1101 3251 1224 3321 reliquae
1244 3257 1334 3320 partes

242 3322 396 3375 transitorii
415 3323 588 3375 prasinorum
617 3340 648 3374 ac
666 3324 833 3376 Venetorum
850 3322 947 3394 populi
966 3331 995 3374 et
1011 3324 1087 3393 ipsae
1107 3321 1272 3383 acclamant,
1296 3320 1336 3372 li·

242 3392 380 3463 bellisque
402 3392 527 3455 traditis,
551 3392 617 3445 dum
635 3394 742 3462 signum
761 3395 847 3446 crucis
868 3393 991 3455 iaciunt,
1016 3395 1143 3463 princeps
1161 3392 1334 3444 Prasinorum

242 3480 304 3515 cum
323 3462 473 3515 lactionum
494 3464 612 3518 tribunis
637 3467 728 3516 omnia
757 3483 790 3518 eo
811 3461 924 3525 ordine,
945 3479 1027 3535 quern
1040 3462 1206 3515 domesticus
1224 3460 1334 3513 schola·

240 3552 301 3589 rum
311 3536 436 3596 servavlt,
455 3537 569 3605 peragit.
587 3534 656 3605 (1v.)
666 3536 834 3605 Imperatore
843 3541 907 3585 autc
915 3532 1073 3586 narthecem
1088 3534 1161 3585 intra
1179 3533 1270 3586 velum
1285 3534 1334 3585 iu·

240 3621 350 3677 gresso,
369 3609 540 3673 praepositus
560 3622 685 3658 coronam
704 3624 718 3657 a
737 3608 826 3676 capite
846 3605 1019 3673 Imperatoris
1037 3602 1133 3666 demit,
1155 3605 1203 3674 qui
1218 3602 1334 3655 narthe-

231 3685 298 3729 'eem
317 3676 402 3727 intrat
419 3684 448 3729 et
467 3692 481 3727 a
500 3675 654 3746 patriarcha
672 3678 822 3743 excipitur,
845 3676 912 3738 ubi,
934 3683 1079 3746 postquam
1097 3674 1262 3726 seinvicem
1281 3670 1334 3724 atl-

229 3754 354 3801 'orarunt
380 3747 552 3819 osculatique
578 3755 660 3811 sunt,
685 3748 814 3800 manibus
838 3745 939 3798 iunctis
964 3745 1000 3797 ad
1026 3745 1216 3815 Imperatorias
1242 3749 1334 3815 portas

240 3817 401 3879 discedunt,
420 3818 469 3869 ubi
489 3819 638 3887 Imperator
655 3824 747 3879 stans,
769 3834 861 3871 cereos
878 3816 1022 3880 accendit,
1039 3823 1068 3869 et
1085 3814 1212 3885 precibus
1231 3814 1334 3866 introl-

239 3897 284 3943 tus
305 3888 414 3943 divinae
434 3888 559 3959 liturgiae
577 3889 712 3959 peractis,
731 3904 779 3941 eos
798 3890 973 3959 praeposito,
995 3889 1019 3941 is
1051 3884 1243 3939 cerimoniario
1272 3892 1333 3935 tra-

239 3958 293 4015 dit.
328 3960 362 4013 At
378 3966 442 4029 post
462 3976 525 4011 uam
550 3960 700 4027 Imperator
718 3967 840 4011 sanctum
866 3958 1037 4028 evangelium
1055 3957 1192 4009 osculatus
1206 3963 1264 4015 ost,
1281 3970 1333 4023 per

237 4031 360 4087 medium
378 3976 512 4102 templum
532 4040 560 4082 et
578 4029 772 4101 obliquitatem
790 4028 915 4082 ambonis
941 4029 1098 4100 soleamqnc
1114 4026 1264 4097 digressus,
1282 4041 1333 4077 ce·

238 4118 301 4158 reos
320 4118 338 4157 a
354 4104 514 4177 praeposito
532 4101 632 4169 sumit,
654 4116 756 4174 eoaque
775 4108 901 4173 precatus
918 4101 1020 4157 iterum
1041 4097 1197 4170 praeposito
1224 4094 1332 4159 reddit,
