3042 4825
292 69 378 186 774
512 93 786 164 causaturus
812 97 1191 166 romumoamm.

253 251 404 338 Druipsov
424 253 459 317 ἒν
480 253 524 340 τῷ
544 257 740 344 περιβλέπτιρ
763 259 909 345 τρικλίνῳ
923 259 987 321 τῶν
1001 258 1220 340 καθισμάτων,
1241 260 1311 323 κατ’
1332 280 1432 322 cvr·

287 353 435 418 εσδίουσι
456 352 502 440 τῷ
521 357 654 435 βασιλεῖ
669 351 700 417 οἱ
720 353 945 440 πρωιπόσιτοι,
967 360 1144 444 πατρίκιοι,
1166 357 1427 444 δφφικιᾶλιοι,

287 447 573 537 πρωτοσπαθάριοι
593 455 650 516 καί
676 453 926 539 χαρτουλάριοι,
953 449 1087 542 ὕπατοι,
1106 455 1321 542 βεστὴτορες,
1356 482 1424 522 σι-

287 551 480 636 λεντιάριοι,
503 549 522 615 o‘
544 550 736 638 δκτουάριος
756 556 814 617 καί
836 552 944 618 αἰτοῦ
965 555 1101 639 ἡλιακοῦ
1121 555 1182 622 σδν
1201 559 1248 646 τῷ
1278 560 1421 643 δεησο-

288 651 422 739 γράφιγ,
448 648 505 716 τδν
525 649 667 738 ιίριδμδν
687 651 769 717 κατὰ
790 649 827 718 τὸ
849 651 951 719 ποσὸν
969 655 1026 738 τῆς
1040 658 1208 741 τραπέζης.
1248 654 1439 740 εἶσάγονό

288 776 342 818 ται
372 754 408 816 δὲ
436 754 494 815 καί
525 752 688 835 ἔξιτ’γονοσι
715 749 797 818 κατὰ
825 750 877 819 τὸν
905 749 1055 840 ἀνωτέρω
1082 758 1237 838 λεχθέντα
1264 753 1418 840 τρόπον.

288 848 448 936 μεσούσης
469 853 505 916 δὲ
525 855 582 936 τῆς
605 847 716 938 ἑορτῆς
744 854 805 919 τοῦ
831 852 942 936 πάσχα
971 859 1108 918 τελεῖται
1127 858 1323 940 προέλευσις
1346 859 1416 938 δη-

286 955 386 1034 μοσία
397 1003 407 1033 ,
437 955 495 1022 καί
518 953 731 1037 προέρχονται
751 951 782 1017 οἱ
800 959 945 1037 βασιλεῖς
964 956 1218 1040 ἐμπράττωςεείς
1236 953 1294 1020 τὸν
1319 953 1414 1020 ναδν

287 1053 346 1116 τοῦ
378 1052 471 1136 ἁγίου
494 1053 656 1133 Μουκίου,
687 1050 744 1116 καί
763 1056 953 1137 τελουμένης
987 1056 1044 1139 τῆς
1070 1053 1161 1139 ἱερᾶς
1194 1057 1413 1140 λειτουργιλτς

137 1155 472 1240 Εδ.λ.448προτίδεται
494 1150 668 1239 κλητώριον
688 1155 732 1242 τῷ
752 1157 885 1235 βασιλεῖ
899 1153 955 1218 ἐπὶ
973 1153 1152 1236 δποκοπτῆς
1178 1156 1345 1240 τραπέζης
1367 1158 1448 1218 §rso
1477 1216 1478 1229 η

287 1263 353 1330 τοῖς
373 1256 474 1320 ἐκεῖσε
496 1252 684 1340 τρικλίνοις,
706 1255 764 1317 καί
783 1255 990 1318 συνεστιᾶται
1009 1251 1028 1317 δ
1048 1254 1247 1338 πατριάρχης
1265 1259 1313 1341 τῷ
1334 1259 1407 1336 βοι-

287 1360 389 1435 σιλεῖ,
421 1357 478 1418 καί
502 1356 556 1418 δεῖ
576 1353 662 1437 ἡμᾶς
688 1351 885 1436 ου’τρεπιζειν
913 1355 960 1430 εἰς
985 1357 1186 1418 συνεοτιλισιν
1206 1347 1318 1418 aristis·
1341 1359 1406 1439 φί-

286 1459 363 1529 λους
384 1454 446 1518 sinti
470 1457 527 1538 τῆς
547 1451 668 1530 τάξεως
687 1456 752 1518 τῶν
766 1453 959 1539 μαγιλιιρων,
980 1446 1185 1531 ἀνθυπάτων,
1205 1456 1403 1538 πατρικιων,

285 1557 531 1642 μητροπολίτας,
554 1549 785 1642 ὄφφιιιιαλίους
805 1557 863 1619 καί
878 1550 1099 1637 ταγματικούς,
1120 1555 1178 1617 καί
1194 1557 1259 1619 τοῖν
1279 1554 1318 1618 ἒιι
1334 1557 1400 1639 τῆς
1449 1615 1455 1628 ,

287 1653 463 1739 συγκλήτου
487 1654 675 1738 καμπαγιλον
694 1653 776 1720 κατὰ
797 1653 833 1720 ssi
853 1651 952 1720 ποσδν
972 1656 1028 1739 τῆς
1040 1657 1207 1739 τραπέζης
1250 1653 1438 1738 εἷσοίγεινιὸ

288 1757 325 1820 δὲ
346 1751 468 1830 αδτοδς
494 1755 551 1818 καί
573 1755 695 1837 ἐξάγειν
721 1754 801 1836 μετὰ
828 1757 892 1820 τῶν
920 1756 1043 1818 οἰκείων
1074 1750 1258 1837 ἅλλαξίμων
1285 1759 1396 1841 χωρίς

287 1857 352 1920 τοῦν
370 1856 560 1938 χλανιδίων·
602 1857 637 1920 ἐν
657 1855 694 1919 δὲ
719 1856 762 1940 τῷ
791 1856 999 1940 προλεχθὲντι
1028 1856 1084 1938 τῆς
1114 1853 1299 1938 οἷκτολογιλις
1326 1859 1394 1920 τοῖν

288 1953 398 2038 δήμων
417 1951 522 2044 χρόνῳ
544 1956 710 2045 ἐξανιστᾷν
730 1948 877 2031 ἅπαντας
895 1953 972 2031 τοὺς
992 1953 1200 2036 κεκλημένους
1220 1956 1266 2035 εἰς
1285 1954 1392 2042 εὔφη-

256 2055 367 2136 Βμίοιν
383 2057 447 2120 τῶν
468 2057 638 2122 δεσποτῶν.
680 2055 736 2122 ἐπί
754 2058 791 2123 δὲ
821 2059 878 2140 τῆς
897 2058 992 2130 θείας
1009 2057 1067 2120 καί
1086 2050 1177 2136 ἱερᾶς
1204 2050 1285 2136 μετὰ
1306 2079 1390 2140 σαρ-

287 2149 343 2229 κδς
364 2154 410 2229 εἰς
431 2150 588 2240 οὖρανοδς
609 2149 802 2239 ἆναλήψεως
821 2158 882 2220 rosi
902 2155 1030 2241 Κυρίου
1059 2153 1150 2239 ἡμῶν
1174 2153 1280 2240 Ἰησοῦ
1299 2159 1425 2240 Χρι-οο

285 2251 365 2318 orosi
386 2256 581 2340 θαυμαστῆς
600 2254 724 2344 ἡμέρας
750 2261 886 2322 τελεῖται
914 2252 1053 2340 δημοσία
1079 2255 1264 2338 προίλευσις
1294 2253 1384 2340 παρα

286 2352 352 2417 τιδν
371 2355 529 2438 βασιλέοιν
556 2354 647 2439 ἡμῶν
675 2357 741 2423 sois
766 2355 864 2437 ἁγίων
893 2357 929 2421 δν
947 2357 994 2444 τῷ
1013 2355 1183 2442 πανσέπτῳ
1203 2355 1260 2420 καί
1286 2358 1383 2437 σεβα-

285 2453 369 2541 σμίιγ
390 2455 458 2544 ναῷ
475 2458 534 2539 τῆς
559 2454 734 2544 ὑπεραγίας
764 2453 931 2544 δεσποίνης
951 2455 1042 2540 ἡμῶν
1071 2452 1227 2524 Θεοτδιιοο
1247 2455 1304 2539 τῆς
1323 2482 1383 2541 πη-

358 2590 397 2649 rt
416 2594 459 2647 tsr
472 2608 525 2656 em.
543 2594 590 2659 a,
610 2596 788 2667 καμπαγίιιν
805 2592 863 2649 ssia
880 2587 951 2647 κατδ
971 2591 1029 2645 cosi
1049 2598 1079 2649 et
1095 2590 1138 2645 et

285 2734 338 2798 eii,
356 2732 504 2797 officiales,
523 2732 753 2803 protospatharii,
771 2733 950 2798 chartularii,
971 2734 1107 2795 consules,
1124 2730 1278 2795 vestitores,
1297 2730 1379 2785 silen-

283 2804 378 2869 tiarii,
406 2806 544 2857 actuarius
570 2812 599 2859 et
616 2804 651 2857 ad
673 2805 812 2857 heliaeuru
835 2806 1006 2877 pertinentes
1033 2812 1062 2858 et
1085 2804 1306 2873 deeseograplrus
1329 2820 1378 2856 sen

283 2876 373 2929 scriba
400 2874 560 2928 libellorum
587 2876 743 2947 supplicum
769 2893 820 2945 pro
839 2878 990 2945 capacitate
1008 2892 1127 2928 mensae.
1164 2874 1378 2925 introducuntur

283 2956 313 2999 et
330 2946 485 2999 educuntur
511 2944 593 2999 modo
619 2964 702 3017 supra
726 2950 839 3016 scripto,
874 2948 947 3001 Dum
966 2963 1030 2999 vero
1056 2945 1180 2997 medium
1207 2952 1251 3011 est
1278 2946 1377 2997 festum

281 3016 437 3086 paschatil,
468 3017 513 3090 [id
534 3025 576 3069 est
593 3016 638 3068 die
665 3017 737 3071 iuter
760 3020 863 3071 festum
885 3016 1022 3087 paschatis
1044 3024 1073 3069 et
1090 3016 1191 3068 festum
1207 3024 1376 3083 pentecostes

281 3087 385 3159 medio]
408 3091 548 3158 peragitur
567 3090 705 3158 processio
724 3090 854 3157 publica,
882 3098 910 3141 et
928 3088 1069 3157 prodeunt
1085 3088 1267 3155 Imperatores
1285 3090 1315 3138 ia
1331 3104 1377 3139 so·

281 3158 365 3211 lenae
384 3174 484 3227 pompa
509 3159 545 3211 ad
563 3160 697 3230 templum
717 3161 743 3214 S.
758 3161 862 3223 Mocii,
887 3167 1036 3230 sanctoque
1061 3156 1150 3209 officio
1179 3155 1219 3208 ibi
1249 3165 1375 3227 peracto,

281 3238 431 3300 apparetur
449 3237 477 3283 et
494 3232 660 3299 proponitur
670 3232 831 3301 Imperatori
849 3231 1006 3282 convivium
1025 3247 1107 3297 super
1124 3229 1267 3299 peculiare
1284 3244 1374 3280 mensa

281 3302 312 3353 iu
330 3301 459 3355 tricliniis
478 3318 527 3353 seu
546 3302 670 3370 palatio,
692 3300 768 3371 quod
785 3317 871 3370 peues
890 3298 961 3351 illud
980 3301 1114 3368 templum
1140 3306 1190 3350 est.
1225 3297 1373 3352 Patriartlsa
1477 3315 1478 3320 ¹

281 3369 324 3423 ibi
341 3374 502 3424 convivatur
526 3372 704 3441 imperatori,
732 3372 926 3441 invitandique
940 3370 1023 3424 uobis
1042 3369 1158 3423 suntad
1176 3368 1372 3423 convivandum
1477 3427 1478 3442 η

281 3443 363 3497 snict
380 3442 414 3493 de
434 3442 531 3493 ordine
547 3444 752 3511 magistrorum,
771 3443 983 3513 proconsulum,
999 3440 1197 3512 patriciorum,
1214 3441 1371 3509 metropoli-

280 3520 386 3575 tarum,
413 3510 570 3567 ollieialium
596 3522 624 3565 et
646 3516 855 3583 tagmaticorum
879 3518 1107 3583 magistratuum,
1135 3513 1201 3563 item
1219 3520 1370 3568 senatorum

281 3586 418 3653 aaurpagia
439 3583 605 3648 serentium,
629 3593 687 3646 tot,
706 3594 776 3655 qrrot
795 3602 888 3641 mensa
909 3587 991 3669 capit.
1027 3580 1243 3635 introducuntur
1260 3590 1289 3633 et
1306 3582 1368 3635 edu-

279 3662 380 3707 cuntur
398 3654 427 3707 in
454 3655 510 3705 suis
535 3655 708 3719 mutatoriis,
737 3654 842 3725 absque
862 3656 970 3707 tunicis.
1008 3651 1127 3726 Quando
1154 3654 1288 3704 factiones
1311 3662 1366 3706 atta

278 3741 329 3781 sua
347 3740 395 3777 seu
413 3723 509 3777 laudes
529 3725 711 3777 Domiuorum
731 3734 760 3777 et
778 3728 824 3795 pia
843 3733 906 3779 rota
931 3725 1104 3789 exclamant,
1131 3723 1260 3775 iubemus
1279 3726 1366 3778 couri-

277 3811 324 3849 aas
345 3811 438 3849 omues
459 3812 584 3867 surgere,
603 3805 636 3847 ut
655 3796 755 3866 stipsi
774 3796 900 3848 Dominis
917 3794 991 3849 bene
1010 3802 1166 3866 precentur.
1200 3795 1301 3849 Divino
1321 3812 1365 3846 aa·

276 3872 334 3919 tem
353 3866 403 3918 illo
422 3874 572 3937 sanctoque
590 3874 619 3917 et
638 3865 797 3919 admirabili
814 3866 861 3918 ‹lie
880 3868 968 3931 sesto,
990 3883 1048 3937 qrro
1061 3866 1165 3921 Christi
1184 3866 1215 3918 in
1232 3881 1310 3918 carue
1326 3883 1364 3919 as·

276 3937 379 3993 sumtio
396 3938 426 3988 iu
444 3937 552 3989 coelum
570 3937 742 4003 celebratur,
769 3938 911 4009 peragitur
937 3938 1050 4009 publiea
1088 3936 1206 3991 rocessio
1225 3954 1241 3988 a
1258 3952 1364 3990 venera·

275 4007 382 4068 bilibus
399 4008 500 4065 uostris
520 4008 735 4083 imperatoribus
755 4012 786 4067 in
802 4007 950 4069 admodum
964 3952 1123 4067 veneralite
1136 4006 1363 4089 reverendumque

994 4236 1022 4285 ἱ
