3042 4825
275 198 378 261 rxw
433 182 435 191 ’
633 192 691 257 ιο.
722 192 803 257 mc
834 191 986 257 nnsru

273 360 394 433 patrem
420 346 508 409 obiit.
538 338 644 407 Idem
668 343 802 428 appellat
833 345 966 410 eundem
996 347 1226 431 imperatorem
1258 367 1374 433 suum,

274 470 336 532 quo
358 447 505 530 significat
524 444 689 525 Basiliam,
710 468 773 529 quo
793 458 931 528 tempore
949 448 1008 507 ista
1030 446 1126 507 verbe
1146 448 1379 529 exarabsntur,

275 548 405 611 adhuc'
396 568 428 609 m
451 546 528 607 vivis
549 557 579 607 et
601 547 634 641 ip
656 539 776 607 summa
796 568 900 607 rerum
919 557 1068 629 potestate
1091 546 1195 609 finisse.
1217 550 1378 631 Significat

275 670 397 734 quoque
417 670 449 709 se
469 650 568 728 ipsum
589 644 634 706 illi
658 646 843 729 expeditioni
862 646 1046 710 interfuisse.
1100 646 1269 709 Perhibent
1287 649 1379 713 idern

147 745 151 754 ’
273 751 313 813 de
335 750 547 825 Constantino,
568 745 670 809 Basilii
699 745 774 820 filio,
797 768 860 809 non
878 758 1000 809 tannim
1018 748 1176 809 Cenncnus
1196 759 1227 811 et
1246 749 1373 814 Sanaos

273 851 451 926 Macrim,
473 848 526 909 sed
547 850 638 909 mam
653 847 815 929 Appendix
834 850 931 910 nostri
945 846 1037 909 huius
1056 850 1171 930 operis,
1189 847 1258 911 loco
1276 870 1374 933 quem

273 949 377 1035 paullo
392 961 463 1011 ente
482 948 667 1009 indicabam.
715 948 820 1025 Quum
840 950 944 1031 itaque
964 949 1181 1011 Constantinus
1202 948 1254 1011 ille
1274 946 1377 1011 altere
1435 934 1440 939 ¹

273 1062 343 1137 post
362 1054 452 1112 istam
474 1048 695 1130 expeditionem
718 1069 799 1109 anno
810 1049 872 1110 lato
891 1068 948 1109 suo
961 1050 1153 1125 concesserit,
1173 1070 1296 1111 necesse
1313 1060 1373 1128 est,

134 1153 398 1213 annutante
418 1148 471 1211 ifle
493 1148 585 1209 iniisse
604 1149 686 1210 intra
717 1168 814 1211 annos
835 1150 911 1210 Chr.
931 1148 993 1233 878
1013 1160 1045 1212 et
1064 1147 1127 1233 879
1155 1151 1288 1233 scripta,
1307 1171 1373 1233 quo

271 1264 410 1334 ternpore
426 1251 558 1311 numeris
571 1248 675 1327 frater,
690 1250 753 1310 Leo
769 1250 901 1331 sapiens,
917 1250 1107 1311 Constantini
1116 1252 1260 1331 sapientis
1271 1260 1373 1334 pater,

262 1350 410 1415 nondum
432 1370 558 1411 uxorem
578 1349 729 1429 duxisset,
754 1351 864 1432 viginti
884 1370 935 1411 sex
956 1348 1051 1411 ferme
1067 1350 1155 1414 annis
1174 1361 1258 1429 ante,
1278 1370 1374 1433 quam

273 1450 325 1515 ille
356 1437 572 1522 Constanlinus
599 1450 632 1511 in
661 1447 761 1509 lucem
789 1450 949 1529 ederetm
983 1452 1033 1511 cui
1058 1448 1152 1531 vulgo
1181 1448 1374 1511 uibuuntnr.

357 1550 400 1613 At
420 1550 495 1633 quid
515 1552 560 1613 ais
581 1550 620 1611 de
641 1548 731 1614 loco?
752 1554 912 1634 (repugnet
932 1550 1070 1632 aliquis),
1091 1551 1146 1633 qui
1167 1551 1200 1610 in
1220 1550 1280 1609 line
1301 1548 1375 1613 illo-

276 1672 345 1715 rum
365 1654 565 1735 ipsorummet
585 1652 801 1731 Tacticorum,
821 1672 884 1711 non
905 1670 942 1711 eo
963 1653 1017 1733 qui
1037 1649 1112 1711 olim
1132 1650 1209 1728 suit,
1245 1650 1299 1711 sed
1319 1651 1376 1732 qui

275 1752 367 1817 hodie
387 1754 419 1813 in
439 1750 547 1811 mutila
567 1749 700 1811 editione
720 1751 897 1811 Meursiana
917 1761 983 1828 est,
1004 1771 1074 1833 pag.
1097 1748 1149 1829 52,
1172 1753 1205 1811 in
1225 1771 1287 1832 quo
1307 1771 1379 1815 me.

275 1862 413 1915 moranu-
434 1849 543 1934 aliquis
562 1850 786 1932 Nicephorus,
818 1870 930 1932 quem,
953 1853 1007 1932 qui
1026 1872 1063 1911 ea
1082 1852 1221 1931 scripsit,
1241 1850 1379 1936 appellat

276 1951 388 2014 ducem
409 1972 512 2025 snum,
534 1962 564 2013 et
585 1970 608 2011 a
627 1944 661 2012 se
682 1950 812 2012 missum
833 1951 870 2011 itt
889 1948 1022 2026 Syriam
1041 1950 1219 2029 ingentibus
1233 1954 1284 2014 ait
1303 1951 1378 2016 ela·-

276 2047 370 2115 dibus
396 2050 579 2113 Saracenos
613 2048 775 2139 affecisse.
826 2050 863 2109 ln
889 2053 1044 2113 neminem
1073 2051 1106 2112 id
1136 2052 1245 2113 cadere
1275 2063 1378 2135 potest

277 2171 370 2233 quani
391 2154 424 2211 in
439 2149 527 2211 illum
546 2152 660 2235 ipsum,
680 2152 767 2215 cuius
780 2151 815 2210 in
835 2150 1045 2231 superioribus
1065 2155 1272 2229 minimus,
1284 2152 1377 2213 Nice·

275 2250 407 2337 phorum
430 2250 590 2331 Phocum,
612 2252 665 2332 qui
686 2248 760 2311 olim
780 2248 864 2328 dux,
885 2270 939 2310 seu
968 2249 1152 2312 domesticus
1178 2250 1377 2331 scholaruum,

278 2351 469 2414 Constantini
488 2352 651 2434 sapientis,
673 2360 703 2409 et
723 2348 800 2428 filii,
820 2350 974 2429 Romani,
994 2348 1194 2434 deindepost
1212 2350 1304 2415 lituus
1323 2372 1379 2416 ex·

278 2471 397 2516 cessum
427 2449 574 2514 orientale
605 2450 707 2532 rapuit
738 2450 914 2533 imperium.
963 2393 1066 2535 Atqui
1099 2451 1291 2536 Nicephorus
1324 2451 1379 2516 ille

278 2549 445 2614 nondum
436 2571 470 2611 ιιι
489 2551 568 2612 vitis
588 2559 655 2610 tum
677 2559 761 2628 met,
793 2571 890 2632 quum
910 2549 1145 2631 Constantinus,
1173 2552 1277 2616 Basilii
1305 2555 1378 2679 Ma·

277 2651 401 2714 oedunis
415 2649 511 2728 lilius,
532 2651 612 2712 vivis
632 2649 800 2712 excederet.

348 2751 504 2814 Arduum
533 2771 687 2834 agnosco,
719 2749 776 2814 sed
802 2771 935 2834 aequum
966 2774 1053 2831 esse,
1126 2753 1169 2816 od
1196 2756 1375 2838 opponitur.

279 2851 434 2932 Quaeram
454 2862 557 2912 temen
578 2872 612 2911 ex
632 2848 717 2912 illo
709 2871 776 2933 ipso
796 2863 979 2932 argumento
998 2855 1130 2936 speciem
1150 2865 1182 2916 et
1212 2854 1308 2915 subur
1328 2854 1374 2918 itti

277 2952 443 3014 sententiae
475 2953 658 3034 posteriori,
682 2952 726 3022 ed
755 2973 848 3034 quarn
876 2973 970 3034 supra
997 2953 1058 3015 dixi
1087 2975 1138 3016 me
1157 2956 1254 3035 magis
1274 2954 1379 3017 auium

279 3051 480 3135 propendere,
503 3061 533 3112 et
553 3071 632 3132 quae
653 3053 771 3130 statuit,
793 3053 1028 3114 Constantinmn
1048 3052 1173 3136 quidem
1184 3053 1377 3136 Sapientem,

280 3150 391 3212 Leonis
410 3150 528 3229 lilium,
549 3151 680 3214 Romani
700 3161 841 3232 patrem,
863 3151 973 3234 huius,
997 3153 1081 3236 quod
1101 3173 1182 3214 nunc
1203 3153 1274 3236 edo,
1297 3155 1379 3216 ceri-

279 3250 420 3312 mcnialis
440 3249 510 3312 libri
532 3262 687 3311 auctorem
708 3271 785 3330 esse,
806 3255 925 3314 venisse
943 3264 1047 3314 autem
1066 3274 1210 3337 processu
1230 3255 1377 3337 tmporis

280 3349 424 3434 aliquem,
445 3355 498 3434 qui
518 3354 603 3434 operi
623 3347 668 3412 illi
684 3350 727 3412 de
748 3372 804 3412 suo
816 3352 967 3434 quaedam
987 3351 1150 3431 addiderit,
1172 3356 1226 3437 qui
1246 3354 1378 3417 fiieritne

276 3451 495 3513 Constantinus
507 3471 622 3533 nepos,
642 3473 682 3512 an
704 3449 795 3529 alius,
818 3455 851 3513 in
865 3453 968 3514 medio
982 3453 1116 3535 positum
1130 3451 1283 3537 relinquo.
1305 3453 1378 3516 Non

277 3549 486 3632 improbabilis
511 3563 627 3630 tamen,
648 3550 724 3612 mihi
751 3551 888 3635 quidem,
909 3552 1043 3635 videtur,
1062 3555 1088 3614 ei
1117 3555 1186 3636 quis
1213 3555 1377 3632 existimet,

276 3650 310 3712 ld
341 3651 421 3712 idem
448 3650 587 3719 licentiae
623 3663 766 3734 nepotem
794 3653 853 3714 sibi
880 3656 914 3714 in
933 3654 985 3715 avi
1005 3674 1082 3735 opus
1102 3673 1272 3734 arrogasse,
1293 3653 1378 3735 quod

279 3771 355 3813 avus
377 3753 410 3812 in
430 3753 532 3835 patrui
552 3773 628 3835 opus
649 3753 706 3813 sihi
728 3764 936 3835 arrogaverat.
987 3754 1107 3816 Eorum
1137 3751 1190 3814 ille
1217 3773 1285 3815 mos
1312 3765 1379 3816 erat

280 3859 465 3932 temporum,
486 3837 731 3914 conlaudabilis
747 3853 884 3935 widem,
905 3857 1007 3916 minua
1018 3865 1121 3915 umen
1132 3850 1391 3933 malevolentiae,

279 3969 372 4036 mam
394 3950 592 4036 simplicitatis
612 3964 642 4016 et
671 3954 809 4016 inscitiae
826 3953 928 4015 index.
972 3954 1119 4016 Nondum
1138 3952 1290 4017 callebant
1309 3973 1380 4017 eam

281 4060 390 4134 metu,
420 4063 693 4120 cominentetonun
722 4053 999 4118 animadversiones
1028 4054 1251 4138 abqauetorurn
1277 4051 1381 4118 serbis
