3042 4825
324 245 379 312 οε
398 190 596 315 cultruou.
619 245 757 312 Auula
780 249 952 313 uuzuuu.
973 253 1014 312 u.
1038 257 1089 323 ιι.
1165 227 1250 338 773

139 397 363 482 ’λαμβάνοντες
383 397 442 484 τήν
462 397 562 486 αύτὴν
583 401 740 483 εύλογίαν.
781 402 821 487 τῇ
843 400 880 464 δέ
899 402 954 490 νέρ
974 403 1122 488 κυριακῇ,
1141 405 1178 490 τῇ
1190 429 1248 485 ,ue-

147 495 271 588 θεόρτῳ
299 500 359 564 τού
389 497 526 586 πάσχα,
555 501 725 565 ἐντελεῖται
753 502 940 586 προέλευσις
967 496 1199 587 λαμπροφύρος
1219 506 1284 568 ἒυιι

145 600 190 684 τῷ
219 600 383 690 σεβασμίιρ
411 603 478 690 vargi
506 603 569 666 τῶν
605 599 710 683 ύγύυί
736 599 939 665 ἀποστόλων·
981 597 1038 664 καί
1065 603 1255 687 τελουμένης

147 699 206 780 τῆς
226 695 316 784 ἱεράς
338 705 548 786 λειτουργίαις,
575 702 765 786 προτιθεται
785 699 959 787 κλητούριον
985 703 1021 766 έν
1045 702 1090 790 τῷ
1109 700 1255 784 λεχθέντι

119 797 290 886 ὄτρικλίνιρ
309 799 366 864 ἐπί
384 800 441 885 τῆς
461 800 615 885 δευτέρας
645 798 789 886 ἡμέρας,
818 798 876 864 καί
899 799 1108 866 συνεστιᾶται
1128 800 1173 888 τῷ
1192 804 1255 881 βα-

139 893 269 960 ·σιλείύ
291 893 469 980 δγιιύτατος
490 897 581 984 ἡμῶν
614 897 819 986 πατριάρχης
846 897 902 963 sni
928 899 1109 984 άποκοπτῆς
1136 901 1255 985 τραπέ-

144 997 211 1079 ζης,
233 996 288 1060 καί
301 999 539 1081 συγκαλοῦνται
561 998 607 1075 εἷς
627 992 773 1064 ἑστίασιν
793 996 855 1065 σύν
875 999 922 1089 τῷ
940 1002 1073 1083 βασιλεῖ
1089 1001 1254 1086 φίλοινοι-

143 1093 185 1159 τά
206 1093 306 1161 τύπον
325 1099 384 1183 τῆς
405 1099 557 1186 δευτέρας
577 1097 701 1185 ἡμέρας
716 1101 758 1186 τῇ
770 1093 925 1185 ἐπαύριον
942 1102 1004 1165 τοῦ
1023 1100 1114 1184 ἱεροῦ
1133 1082 1274 1182 πάσχοι.1

144 1199 185 1282 τῇ
204 1198 241 1262 δὲ
260 1193 414 1283 ἐπαύριον
433 1201 492 1282 τῆς
511 1202 586 1276 νέας
606 1200 761 1286 κυριακῆς
791 1198 896 1288 ἤμέρρι
916 1199 1088 1264 ἐντελεῖται
1109 1196 1254 1277 δεξίωσις

99 1295 276 1376 ιοδεξᾲιου
307 1290 383 1361 ἄνευ
408 1297 565 1380 σαξίμου,
594 1301 652 1362 καί
680 1299 850 1378 καθέζεται
879 1295 1071 1381 δβασιλεύς
1098 1295 1154 1362 im*
1173 1297 1254 1360 ὄπο-

144 1397 264 1480 κοπτῆς
283 1397 445 1482 τραπέζης
464 1396 547 1479 μετοὶ
567 1399 628 1463 τού
656 1400 774 1464 οἰκείου
806 1397 991 1484 δηβητισιου
1012 1396 1067 1461 snt
1087 1399 1148 1461 τού
1172 1391 1254 1463 ’lova

144 1497 312 1559 στινιανού
341 1497 516 1580 τρικλίνου.
557 1499 613 1562 καί
642 1501 697 1563 δεῖ
721 1497 810 1582 ἡμᾶς
836 1502 1005 1580 συγκαλεῖν
1035 1496 1081 1571 εἷς
1112 1491 1287 1561 ἔστίασινῦ
1340 1509 1343 1514 ’

146 1590 210 1656 ιῖπδ
244 1597 300 1677 τῆς
333 1594 451 1675 τάξεως
467 1600 532 1662 τοῖν
551 1597 754 1683 μαγάιτρων,
775 1595 1014 1684 πραιποσίτων,
1036 1589 1253 1678 άνθυπάτων,

144 1693 338 1778 πατρικίων,
373 1691 592 1783 ὄφφικιαλίωυ
635 1699 692 1762 καί
725 1700 847 1762 λοιπῶν
873 1700 939 1762 τῶν
967 1692 1032 1760 ύπδ
1070 1691 1252 1778 καμπάγιον

104 1791 273 1860 ι5πάντων
293 1792 374 1860 κατά
404 1793 440 1861 τὸ
459 1783 561 1863 ποσὸν
578 1801 637 1882 τῆς
656 1799 830 1884 τραπέζης·
876 1795 1016 1880 εἰσάγειν
1047 1798 1084 1860 δέ
1104 1792 1162 1858 καί
1175 1790 1249 1873 ἔξά-

142 1915 211 1974 γειν
243 1891 366 1970 πάντας
393 1893 475 1977 μετά
503 1901 567 1962 τῶν
590 1899 713 1962 οἰκείων
742 1897 853 1961 αύτοῖν
884 1891 1107 1976 ύλλαξιμάτων
1133 1919 1168 1958 τε
1196 1894 1402 1958 saltuosas

142 1995 337 2075 χλανιδίων·
379 1998 549 2079 προσέχειν
568 1997 604 2060 δὲ
624 1999 682 2062 καί
691 1995 727 2061 τδ
748 1992 903 2077 μουσικὸν
922 1997 1019 2076 μέλος
1060 1994 1116 2058 καί
1144 1995 1249 2073 ἐξανι-

143 2093 221 2178 οτᾷν
240 2090 318 2169 τούς
337 2095 548 2178 κεκλημένους
568 2097 603 2161 s‘v
623 2097 667 2183 τῷ
694 2096 933 2182 προδηλωθέντι
951 2089 1059 2182 χρύνιρ
1080 2094 1127 2168 τίς
1147 2095 1250 2180 εύφη-

142 2190 223 2271 μίαν
243 2193 307 2256 τῶν
327 2193 501 2258 δεσποτῶν.
541 2186 641 2282 τῇδὲ
661 2189 819 2279 ἐπαύριον
837 2196 897 2259 τού
916 2193 1019 2259 αύτού
1048 2194 1178 2275 δεξᾲιου
1199 2217 1250 2284 τε·

102 2293 250 2355 πολεῖται
276 2286 432 2376 ἑπόμενον
468 2290 599 2358 ἱππικδν
628 2291 846 2376 α’πολύσιμον,
881 2296 941 2358 καί
965 2295 1249 2371 έξαποστέλλονται

144 2388 225 2477 πρός
243 2389 283 2458 τά
305 2393 405 2460 οἰκεῖα
421 2391 452 2460 οῖ
472 2389 536 2459 άπδ
557 2390 757 2479 Βουλγύρων
778 2396 879 2481 pulos,
900 2397 959 2461 καί
972 2398 1159 2479 προτίθεται
1174 2399 1250 2477 κλη-

142 2595 270 2669 bonique
287 2598 405 2652 eandem
422 2596 648 2653 benedictionem
666 2614 715 2652 sen
733 2596 965 2653 munificentiam.
999 2596 1078 2652 Nova
1090 2595 1138 2649 die
1156 2595 1249 2649 domi·

143 2668 207 2719 nien
226 2668 266 2718 sie
285 2668 374 2730 dicte,
395 2686 428 2722 ea
448 2686 564 2741 nempe,
593 2685 665 2741 quae
683 2669 810 2740 proxime
827 2670 930 2721 fertum
947 2666 1087 2739 paschatis
1105 2684 1135 2720 se
1156 2669 1250 2732 uitur,

143 2737 291 2807 splendida
308 2740 451 2808 peragitur
467 2740 606 2809 processio
625 2738 774 2810 splendido
792 2742 823 2791 in
839 2741 943 2793 vestita
962 2740 994 2791 in
1006 2685 1167 2792 venerabile
1177 2746 1248 2790 tem-

142 2810 222 2879 plum
240 2808 286 2861 SS.
304 2809 516 2879 Apostolorum
541 2812 678 2883 finitoque
703 2826 780 2863 sacro
804 2808 906 2876 officio,
942 2810 1090 2881 reponitur
1112 2816 1142 2861 et
1158 2810 1248 2861 initur

143 2880 303 2933 convivium
324 2880 354 2931 in
375 2880 515 2948 triclinio,
534 2880 611 2952 quod
629 2886 756 2950 superior
774 2880 811 2931 nd
828 2895 913 2934 secun
935 2898 981 2932 um
998 2879 1073 2932 diem
1089 2881 1247 2933 nominavi-

144 2965 213 3003 mus.
250 2949 421 3005 Convivatur
442 2958 502 3003 tum
525 2952 711 3005 sanctissimus
730 2950 889 3021 patriarcha
913 2958 1009 3005 noster
1027 2952 1192 3020 imperatori
1209 2951 1248 3004 ad

145 3020 317 3090 peculiarem
335 3038 474 3087 mensam,
499 3028 530 3073 et
551 3024 705 3075 invitantur
731 3022 768 3073 nd
792 3020 995 3076 convivandum
1014 3022 1135 3075 Domino
1164 3023 1248 3073 amici

143 3090 269 3143 eiusdem
293 3093 420 3161 generis,
447 3100 532 3163 atque
559 3092 594 3146 sd
614 3091 767 3147 secundum
790 3092 875 3146 huius
902 3093 1104 3146 conrivationis
1131 3091 1205 3145 diem
1229 3109 1246 3143 a

144 3162 216 3215 lusto
240 3162 379 3229 paschatis
404 3164 563 3217 immediate
589 3166 745 3235 proximum
771 3162 899 3217 diximus.
936 3165 1032 3217 Altero
1057 3171 1122 3235 post
1145 3180 1247 3216 noram

144 3232 313 3286 dominicam
337 3232 384 3285 die
412 3236 550 3305 excipitur
577 3244 607 3289 et
623 3232 827 3286 beneventatur
849 3234 886 3286 ab
906 3236 1077 3305 Imperatore
1106 3233 1249 3288 desimam

145 3318 195 3357 reu
214 3320 313 3372 eorpus
333 3312 491 3357 senatorum
512 3306 662 3360 Dominum
681 3305 832 3359 salutatum
853 3306 1043 3371 venientium,
1071 3304 1178 3378 absque
1201 3323 1247 3359 ιιι-

142 3376 219 3427 xirno
239 3381 332 3427 tamen
348 3393 397 3427 seu
416 3374 533 3442 chorea;
557 3376 718 3448 residetque
735 3376 774 3429 lrn
813 3383 889 3428 rator
906 3379 937 3429 in
955 3377 1104 3429 iustiniani
1122 3375 1248 3429 triclinio

143 3444 178 3498 sd
196 3445 365 3515 peculiarem
394 3446 448 3498 sibi
475 3464 597 3501 mensam
616 3450 645 3501 in
669 3463 719 3499 suo
745 3447 775 3499 di
797 3444 1070 3502 etesiosmritrndi
1097 3454 1157 3499 tum
1181 3456 1247 3499 runt

144 3517 227 3569 nobis
245 3516 421 3585 magistratus
440 3515 540 3570 horum
558 3519 705 3583 ordinum,
732 3519 870 3591 magistri,
918 3519 1066 3589 rnepositi‚
1092 3533 1248 3587 proconsu-

144 3588 200 3651 les,
218 3588 347 3658 patricii,
367 3587 497 3641 officiales
516 3598 544 3644 et
562 3590 666 3663 reliqui
683 3592 873 3662 campegioger
906 3592 914 3607 '
937 3605 1033 3642 omnes
1055 3606 1107 3660 pro
1137 3592 1246 3658 capaci-

144 3664 202 3711 tate
221 3674 341 3712 mensae.
378 3658 594 3714 introducuntur
619 3669 649 3714 et
672 3660 828 3715 educuntur
850 3676 945 3714 omnes
962 3660 993 3713 in
1011 3662 1069 3713 suis
1087 3660 1246 3713 murtatoriis

145 3737 174 3781 et
190 3730 302 3782 tunicis.
338 3728 547 3785 Observandum
565 3728 668 3786 deinde
687 3732 769 3785 nobis
786 3738 830 3785 est
848 3738 975 3803 tempus,
1013 3747 1050 3784 uo
1061 3746 1171 3783 carmen
1183 3748 1246 3782 mu-

145 3798 200 3853 sice
219 3802 367 3864 recitatur,
393 3810 423 3854 et
441 3808 507 3853 tuno
530 3802 648 3856 iubendi
674 3803 807 3856 convivae
830 3819 941 3874 surgere
971 3750 1012 3855 τά
1033 3803 1130 3855 laudes
1149 3808 1178 3851 et
1198 3800 1245 3871 pia

144 3870 228 3925 rerba
246 3872 367 3924 Domino
385 3872 510 3927 dicenda.
546 3872 600 3925 Die
618 3882 682 3945 post
699 3873 772 3928 illud
790 3872 931 3927 deximum
952 3874 1079 3943 proximo
1104 3874 1246 3942 peragitur

146 3941 172 3995 ei
196 3937 348 3994 adhaerens
373 3950 402 3994 et
425 3960 597 4016 consequens
624 3944 706 3997 ludus
734 3946 871 4017 equestris
904 3944 1079 3997 absolutlvus
1111 3960 1160 3995 seu
1195 3946 1245 4013 qui

145 4010 229 4064 linem
247 4012 357 4066 solenni
374 4012 441 4067 huie
466 4016 653 4069 conrivationi
673 4017 746 4070 lacit.
783 4016 974 4069 Remittentur
990 4022 1057 4065 tune
1073 4014 1174 4075 amiel,
1194 4013 1244 4083 qui

146 4083 306 4167 eBulgeria
323 4094 472 4151 venerunt,
498 4086 534 4139 nd
551 4102 616 4151 stre,
640 4093 669 4138 et
685 4088 853 4159 proponitur
873 4087 1029 4139 convivium
1047 4086 1077 4135 in
1095 4082 1243 4155 splendido

145 4152 269 4209 triclinio
288 4154 493 4227 cathismatum3
522 4162 551 4213 et
577 4158 757 4217 convivantur
776 4158 940 4231 imperatori
957 4157 1130 4229 praepositi,
1155 4155 1244 4226 patri-
