3042 4825
283 167 370 271 li50
488 195 687 263 urrunnu
716 193 774 260 Au
802 195 956 259 suuurr
984 195 1146 260 nuruum

282 347 381 437 στήσῃ
399 348 558 415 circitor
578 347 635 415 καὶ
652 347 693 416 τό
715 347 809 416 λοιποὶ
831 351 897 414 τῶν
916 350 1028 414 εἰδῶν·
1068 344 1242 434 τατασιγᾷν
1263 341 1378 420 δδτδς

282 446 417 532 ἀλόγους
446 445 556 535 φήμας
581 453 637 514 καὶ
661 447 719 528 τὰς
748 447 913 536 ταραχὰς,
941 451 1020 514 ποτέ
1047 453 1108 532 μὲν
1134 447 1379 533 σωφρονέζοντα

252 545 353 623 urolt
372 544 432 621 τᾶς
452 545 560 634 φήμας
578 551 769 633 γεννῶντας,
804 550 878 614 noti
897 550 945 613 δὲ’
962 549 1122 614 ε’πιλαλεῐν
1140 555 1206 622 τοῖς
1226 543 1378 620 πολίταις

280 644 338 733 τήν
365 648 423 713 τοῦ
449 651 605 731 βασιλέως
632 650 687 713 καὶ
712 651 773 714 τοῦ
801 649 882 712 λαοῦ
909 648 1084 734 σωτηρίαν·
1125 642 1211 711 έοτόν
1236 638 1289 708 ὅτε
1317 639 1379 707 καὶ

279 747 430 812 πλάττειν
449 749 574 830 α’γαθας
595 745 723 834 φήμας,
751 747 796 826 οἷς
815 747 986 823 κελεόοεως
1004 743 1160 830 ἐλθούσης
1179 739 1262 827 πλήν
1281 733 1397 826 ἄορί-5

278 867 379 927 οτιος,
410 838 505 929 ήκαί
524 837 628 921 ἄλλως
649 843 712 911 οἷπό
731 869 816 923 τινος
834 848 892 912 τοῦ
912 847 992 910 torosi
1012 842 1193 925 ἐλθόντων,
1227 843 1293 907 τῶν
1310 841 1373 922 μὲν

278 941 338 1027 τήν
349 943 522 1033 ῥφθαμόαν,
542 947 608 1010 τοῖν
623 945 659 1010 δὲ
669 943 1046 1032 τδςταραχδςνιαόοντα,
1062 937 1147 1008 οότω
1167 943 1205 1015 δὲ
1225 937 1282 1004 καὶ
1296 941 1378 1024 περὶ

276 1040 399 1107 τούτων
425 1046 471 1133 τῷ
496 1047 532 1108 ἐκ
564 1044 737 1130 προσώπου
768 1042 995 1125 διαταξάμενος
1022 1036 1188 1117 δἸοόλιος
1216 1042 1371 1121 Καῖσαρ,

278 1139 404 1224 δλέγοος
423 1145 479 1228 τῆς
499 1142 850 1231 τάξεωςόπονρατήσας
869 1145 950 1232 λόγῳ
971 1146 1029 1226 τῆς
1049 1142 1134 1217 ἰδέας
1154 1140 1274 1221 έξόδοο,
1295 1134 1373 1212 τοός

249 1237 408 1316 (ἓλοιποός
428 1235 612 1307 ἀπέστελλεν
631 1239 711 1306 ἔνθα
732 1240 772 1308 τό
793 1247 938 1324 τάγματα
957 1240 1014 1307 τόν
1034 1238 1170 1324 βασιλέα
1180 1237 1419 1320 ἐξεδέχοντο,το

276 1335 325 1402 ἔτι
345 1341 381 1403 δὲ
403 1335 482 1425 πρός
502 1338 624 1418 τούτοις
647 1339 704 1404 καί
719 1337 759 1404 τό
793 1345 925 1404 πλεῖστα
954 1339 1019 1402 τοῖν
1043 1338 1217 1421 βασιλικῶν
1248 1333 1372 1416 ἀλόγων

276 1434 332 1500 καὶ
362 1436 581 1525 φορτωμότων
611 1438 666 1502 καὶ
692 1435 750 1513 τός
778 1435 931 1519 μεγίστας
957 1434 1082 1520 σκηνάς.
1125 1429 1221 1510 αὐτός
1242 1434 1279 1498 tt
1294 1428 1373 1507 τοός

275 1535 433 1618 γνωστοός
463 1539 528 1603 τῶν
555 1537 654 1621 ἁγίων
673 1535 861 1621 συναγαγών
880 1538 955 1620 περὶ
973 1536 1160 1621 καθάρσεως
1177 1533 1284 1620 piretro
1303 1548 1373 1612 ψο-

274 1635 384 1720 χικής,
419 1629 489 1700 εἶτα
521 1637 736 1720 ἐλεημοσύνας
766 1633 865 1699 ε’ποιέι
888 1635 969 1699 κατά
999 1657 1034 1699 τε
1058 1632 1118 1719 τήν
1145 1629 1235 1696 πόλιν
1254 1632 1311 1696 κατ’
1327 1629 1369 1698 τό

160 1733 488 1820 Μαλιπλήσιόζοντα
518 1731 609 1822 aricii.
650 1736 706 1799 uui
731 1739 912 1800 τελευταῖον
946 1733 1161 1818 ἀπερχόμενος
1186 1729 1267 1818 πρός
1295 1730 1415 1808 τοδςι5

166 1889 169 1896 ,
275 1832 372 1909 ναοός
401 1833 498 1920 χάριν
527 1833 645 1917 εδχῆς,
679 1835 714 1898 έν
733 1828 781 1909 οἷς
805 1837 941 1900 έποιεῖτο
971 1831 1111 1916 μάλιστα
1139 1832 1196 1910 τὰς
1216 1827 1371 1917 προελεό-

274 1956 360 2015 σεις,
390 1930 445 1996 καί
463 1932 674 2017 ὑποστρέφων
695 1930 750 1996 ἐπέ
767 1930 802 1995 τὸ
826 1935 999 2015 παλοὶτιον,
1034 1935 1156 1998 ἐκεῖθεν
1174 1934 1231 2017 τῆς
1250 1927 1372 2007 πόλεως

274 2028 444 2116 έξήρχετο,
473 2031 530 2093 καί
554 2033 672 2095 πολλοῦ
701 2032 801 2112 λαοῦ,
833 2032 897 2095 τῶν
924 2055 959 2095 τε
979 2030 1042 2095 riui
1062 2028 1119 2094 τόν
1147 2026 1293 2111 ὕπαρχον
1313 2030 1373 2093 κατ’
1449 2045 1454 2054 “

273 2131 332 2193 τοῦ
357 2131 415 2214 τῆς
434 2125 553 2203 πόλεως
579 2129 717 2214 στρατοῦ
745 2126 912 2216 παρόντων
932 2129 1003 2193 ἕντι·
1021 2126 1078 2193 κατ’
1104 2127 1286 2212 εὐχομένων
1314 2124 1369 2193 τόν

272 2345 366 2412 tione,
384 2364 421 2401 ue
438 2345 507 2399 Urbi
525 2352 658 2399 terrorem
678 2345 795 2409 inliciat,
820 2345 1009 2419 frumentique
1027 2306 1087 2399 crim
1107 2347 1221 2420 reliquis
1241 2363 1366 2400 annona-

271 2420 320 2471 riis
341 2418 484 2489 speciebus
515 2418 656 2471 caritatem
683 2416 805 2469 inducat.
842 2420 972 2470 Rumorer
990 2434 1101 2491 quoqne
1119 2417 1319 2489 improbabiles
1336 2424 1367 2471 et

271 2496 377 2541 nestum
396 2490 500 2542 cientes
519 2492 717 2559 supprimeret,
734 2489 833 2558 partim
852 2497 976 2541 auctores
1000 2506 1094 2543 sorum
1112 2492 1179 2543 corti
1199 2488 1281 2553 ando,
1300 2508 1365 2561 par-

271 2561 321 2611 tim
341 2559 519 2613 asseverando
547 2576 609 2628 erga
627 2558 699 2611 cives
718 2556 870 2611 commodis
886 2567 915 2610 et
931 2564 1050 2612 animum
1075 2560 1187 2628 addepti
1210 2577 1240 2612 us
1258 2576 1364 2613 sermo·

270 2628 373 2693 nibus,
397 2632 594 2699 Imperatorem
620 2638 649 2681 et
667 2636 755 2680 castra
773 2629 803 2679 in
820 2628 894 2680 salvo
914 2644 989 2696 esse;
1017 2632 1076 2700 ipse
1095 2647 1206 2703 quoque
1223 2632 1365 2689 interdum

271 2708 361 2769 gratos
386 2715 507 2753 rumores
532 2698 700 2769 confingeret
718 2705 802 2770 etque
830 2699 860 2751 in
877 2699 988 2769 vulgum
1007 2710 1163 2771 spargeret:
1190 2702 1298 2753 venisse
1316 2718 1362 2754 sa-

154 2832 157 2838 ,
270 2786 328 2821 cras
346 2769 473 2832 litteras,
491 2770 522 2821 ln
540 2784 639 2839 genere
656 2768 744 2831 laeta,
763 2766 812 2819 sed
826 2768 948 2821 nondum
967 2770 1096 2833 definita,
1113 2771 1287 2833 nuntiantem
1312 2779 1363 2825 aut

271 2848 300 2892 et
318 2842 426 2893 venisse
443 2838 548 2891 litteras
567 2837 651 2891 laetas
669 2857 684 2890 a
702 2838 809 2907 privato
827 2838 946 2909 quodam
964 2843 993 2893 in
1011 2842 1107 2893 castris
1125 2849 1229 2909 agente.
1265 2841 1301 2892 Et
1315 2841 1361 2894 bis

269 2909 359 2962 modis
386 2910 526 2961 levitatem
551 2908 738 2981 quorundam,
762 2908 881 2961 aliorum
907 2918 1063 2963 aestuanter
1090 2920 1119 2963 et
1136 2910 1281 2962 seditiosos
1298 2912 1361 2964 ani-

270 2996 329 3033 rnos
347 2986 532 3048 componeret„
568 2978 618 3031 llis
642 2976 870 3032 instructionibus
892 2980 994 3034 vicario
1011 2996 1061 3033 suo
1085 2980 1171 3042 datia,
1193 2979 1360 3034 amendabat

269 3058 378 3105 sauctus
397 3053 546 3119 Imperator
566 3058 682 3103 ceteram
701 3046 811 3103 turbam
829 3065 937 3101 omnem
964 3052 994 3102 in
1019 3067 1082 3103 eum
1100 3053 1200 3114 locum,
1218 3069 1274 3121 quo
1294 3069 1360 3104 con.

269 3128 399 3242 tt‘ttt
416 3118 627 3242 ἓίλολλοὲλλ
645 3116 858 3260 ῗλέλλῗλλλ
875 3121 1209 3258 tittttttllt‘ttt
1227 3120 1360 3246 ttttt

268 3276 433 3313 excessurus.
470 3261 611 3313 Praeterea
643 3276 757 3330 quoquo
785 3259 982 3345 praemittebat
1007 3279 1141 3332 equorum
1173 3262 1359 3333 imperialium

267 3330 1253 3473 timisti?50².tt.⁸1¹⁰⁸,‘.¹t'.“ttl¹tt:t''stsstttt‘ttt
1268 3349 1360 3457 tt:

266 3469 334 3535 bnt,
351 3469 550 3533 familiaribus,
569 3469 683 3541 petebat
700 3472 819 3523 animam
836 3488 912 3523 suam
930 3490 979 3542 per
993 3473 1069 3542 ipsos
1088 3475 1227 3545 purificari
1244 3470 1360 3526 sbsoln·

265 3543 344 3594 tione
363 3548 392 3611 et
412 3544 604 3595 communione
623 3559 644 3593 s.
662 3544 841 3604 sacrementi,
864 3540 1003 3613 dabatque
1026 3545 1229 3613 eleemosynas,
1254 3550 1310 3596 ten
1326 3546 1359 3598 in

267 3611 359 3675 Urbe,
378 3628 460 3682 qnam
479 3614 508 3665 iu
526 3614 639 3676 vicinis,
665 3611 801 3666 circuibat
820 3629 908 3665 sacras
935 3615 1015 3668 sedes
1033 3631 1145 3683 precum
1163 3612 1205 3666 ibi
1222 3631 1361 3685 peragen-

267 3679 364 3735 darum
388 3698 483 3747 causa,
510 3690 539 3737 et
555 3684 703 3803 praecipuis
728 3681 862 3735 visitabat
878 3700 941 3747 eas,
966 3686 996 3737 in
1034 3704 1081 3737 uas
1099 3686 1206 3757 plerum
1227 3702 1262 3738 ue
1278 3686 1358 3739 sole·

265 3750 315 3804 bat
338 3752 496 3821 procedere.
531 3754 552 3806 A
594 3754 650 3807 illia
667 3754 781 3823 pletatis
803 3753 902 3805 officiis
921 3762 1010 3807 reveri
1046 3764 1109 3809 atur
1125 3758 1191 3825 inp
1220 3757 1356 3819 atinum

267 3838 323 3893 qno
340 3820 436 3874 exibat
451 3840 485 3875 ea
497 3823 571 3877 Urbe
586 3840 678 3879 versus
696 3824 804 3887 nerim,
823 3824 928 3893 populo
945 3826 1033 3878 multo
1052 3827 1226 3896 militiaque,
1244 3833 1301 3878 tam
1314 3844 1357 3893 er,

308 3908 340 3945 ne
360 3891 411 3946 sub
425 3896 557 3963 praelecti
570 3894 650 3947 Urbis
665 3896 847 3947 attentionem
862 3893 995 3959 cedebat,
1013 3913 1095 3966 qnam
1113 3914 1184 3968 quae
1199 3894 1235 3950 ad
1250 3899 1359 3967 praesi-

287 3962 313 4012 ia
335 3964 467 4016 militaria
481 3962 585 4017 urbana
608 3964 779 4035 pertinebat,
797 3974 941 4033 praesente
956 3968 1108 4038 faustisque
1120 3969 1191 4019 votis
1203 3971 1358 4039 imperato-

76 4026 80 4043 '
149 4056 151 4059 ·
265 4048 323 4087 rsrn
340 4034 496 4089 cumulante
511 4042 541 4089 ct
558 4042 751 4107 prosequente·
787 4036 911 4103 Ingresso
924 4037 1036 4092 undem
1058 4042 1088 4092 in
1104 4056 1211 4105 narem,
1228 4040 1360 4109 procide·
