3042 4825
257 153 356 257 ,ard
473 179 745 249 cousruuuur
777 180 1148 253 roururuounutn

265 330 422 422 τρικλίνῳ,
443 332 472 398 oi
490 334 665 422 σπαθάριοι
681 332 759 419 μετά
776 338 943 421 διστράλια
963 334 1180 421 σ’ψικεάουσιν,
1199 333 1237 402 τὸ
1249 336 1287 401 δέ
1302 330 1362 423 ‹ip-

265 459 314 515 μα
336 428 392 499 σάν
413 432 599 499 ἀκολουθεῖ·
640 436 672 501 εί
688 438 724 502 δὲ
747 438 803 503 ἐπί
821 441 886 503 τῶν
903 436 947 503 aa·
971 439 1170 521 detruditur,
1206 436 1266 502 oda
1287 433 1362 517 ὄψι-

265 530 412 598 κεάσυσιν
440 530 470 597 ot‘
488 535 666 619 σπαθάριοι
688 532 725 599 τά
746 534 893 601 σάνολσν.
934 534 969 602 αἱ
989 539 1026 603 δὲ
1044 535 1267 622 συγκλητικοὶ,
1300 529 1361 621 άφ’

264 623 303 697 σά
322 634 453 721 εἰσέλθῃ
473 629 492 717 ἡ
515 632 674 717 σάγοάστα
698 628 761 700 άπό
784 638 842 700 τοῦ
860 635 1085 721 τριβουναλίου
1103 637 1150 714 είς
1167 636 1222 702 τὸν
1241 634 1360 719 σάγου-

261 734 356 814 στέα,
383 732 579 817 εἰσέρχονται
597 732 706 799 καλαὶ
728 742 875 818 γυναίκες
901 733 955 800 διά
976 738 1036 801 τοῦ
1056 738 1215 823 τρικλίνου
1232 738 1298 802 τῶν
1316 732 1379 807 ιθό

112 829 439 913 Εᾱ.1,.η6άκουβιίων
460 830 514 896 διὰ
535 834 591 917 τῆς
612 831 738 899 εἰσόδου
755 831 815 899 τοίἶ
829 836 996 917 βασιλικοῦ
1016 836 1207 918 άκουβίτου,
1240 836 1297 899 καί
1319 833 1360 899 ά-

259 934 431 1016 πέρχσνται
449 933 497 1008 εἰς
515 928 571 995 τάν
591 930 731 1017 πάρτῃκα
755 936 816 998 τοῦ
837 931 1046 1018 αάγουστέως,
1061 932 1143 1000 ἔνθα
1162 936 1321 1020 κρέμαται
1338 929 1360 1016 ἧ

259 1032 398 1117 κσρτίνιι.
440 1034 497 1095 καί
512 1024 564 1096 ὅτε
588 1032 704 1123 διέλθῃ
723 1030 759 1098 τὸ
782 1033 980 1120 στεφάνωμα
998 1036 1044 1109 είς
1061 1032 1120 1118 τὴν
1141 1034 1268 1119 χρυσῆν
1290 1040 1361 1116 χεῖ·

258 1155 320 1217 ρα,
343 1131 545 1217 εἰσέρχονται
566 1129 601 1197 αλ
620 1134 786 1219 πατρίκιοι
805 1132 862 1197 καί
884 1131 920 1198 αλ
939 1137 1050 1199 λοιπαί
1068 1126 1202 1199 ὄπισθεν
1220 1133 1278 1216 τῆς
1296 1131 1358 1196 ud·
1464 1151 1471 1167 ·

257 1225 394 1313 γοάστης
411 1234 511 1317 μέχρι
531 1232 588 1319 τῆς
606 1232 770 1321 γεφύρας,
791 1230 847 1297 καί
864 1229 899 1297 αἱ
912 1236 1183 1317 κλῃτωρευθεῖσαι
1199 1225 1398 1315 άπέρχον-ιο

256 1352 313 1392 ται
335 1328 391 1395 ἐπὶ
406 1328 462 1395 τάν
480 1330 612 1416 κσχλιάν
628 1335 686 1419 τῆς
706 1332 800 1417 άγίας
821 1331 1005 1418 Χριστίνῃς,
1026 1332 1085 1410 καίΙ
1096 1327 1133 1395 αἱ
1150 1331 1263 1394 λοιπαί
1275 1324 1358 1395 άνα-

256 1430 430 1515 χωροῦσιν.
470 1430 535 1519 χρὴ
561 1435 596 1498 δέ
616 1434 745 1515 εἰδέναι,
768 1428 821 1497 άτι
840 1427 878 1497 od
897 1434 1054 1518 φοροῦσιν
1071 1428 1107 1495 αἱ
1125 1430 1293 1515 πατρίκιοι
1310 1429 1357 1507 εἰς

255 1526 292 1594 τά
326 1534 525 1619 στεφάνωμα
554 1536 614 1618 τῆς
644 1532 826 1618 αάγοάστῃς
858 1529 1074 1619 προαόλωμα.
1116 1525 1180 1614 χρὴ
1210 1530 1246 1592 δὲ
1262 1526 1358 1612 γενά-

255 1652 350 1713 σκειν,
370 1627 419 1697 ὅτι
438 1630 571 1719 ὅριζειά
594 1633 745 1718 βασιλεάς
768 1636 804 1698 du
821 1629 879 1707 τάς
895 1633 1074 1714 πατρικίοις,
1092 1631 1163 1704 οἵας
1183 1627 1281 1709 θέλει,
1302 1626 1356 1691 ἵνα

254 1730 443 1797 εἰσέλθωσιν
467 1736 514 1811 εἰς
535 1731 587 1799 τὸν
612 1729 791 1817 αὖγουστέα
813 1730 867 1797 διά
888 1735 949 1797 τοῦ
969 1727 1167 1811 σ’κταγάνου,
1190 1729 1246 1791 καί
1262 1726 1397 1805 iduor&

255 1825 291 1894 τὸ
310 1832 467 1913 στέψιμον
491 1837 547 1917 τῆς
567 1830 761 1919 αιλγσάστης.
803 1828 922 1915 ὁμοίως
949 1834 1005 1896 καί
1034 1833 1080 1905 είς
1101 1824 1138 1893 τά
1159 1826 1356 1914 στεφάνωμα

223 1928 355 2014 Βόρίζει
377 1928 393 1993 o‘
416 1929 585 2015 βασιλεάς,
616 1933 668 1997 ἴνα
689 1934 817 2021 εἰσέλθῃ
842 1930 1108 2017 άπαράνυμφος,
1138 1925 1195 1993 καί
1208 1925 1357 2011 πατρικί-

257 2051 321 2111 ους,
348 2024 405 2105 σάς
420 2028 552 2113 κελεύει,
579 2034 635 2095 καί
648 2027 701 2097 ὅτε
722 2035 877 2120 πληρωθῇ
892 2030 927 2098 τὸ
941 2028 1146 2117 στεφάνωμα,
1169 2026 1354 2109 ἐξέρχονται

255 2122 286 2191 οἱ
306 2126 403 2191 αὐτοί
422 2130 586 2215 πατρίκιοι
603 2130 661 2195 καί
675 2133 824 2197 ἵστανται
847 2133 893 2205 εἰς
912 2128 986 2205 code
1010 2130 1126 2201 τόπους
1147 2126 1254 2190 αὐτῶν
1273 2118 1353 2204 μετά

253 2229 312 2291 καί
331 2224 404 2303 τούς
422 2227 551 2307 λσιπσάς
570 2229 770 2315 πατρικίους.
821 2233 905 2316 (Ζ.)
941 2228 1016 2312 Χρὴ
1034 2230 1071 2292 δὲ
1091 2224 1269 2310 γινώσκειν,
1287 2219 1394 2319 ιάτιῃ,

252 2327 292 2412 τῇ
313 2329 400 2418 τρίτῃ
421 2333 481 2393 τοῦ
506 2333 656 2416 λουτροῦ,
698 2323 785 2405 ὅπως
807 2325 926 2417 ὀφείλει
946 2331 1096 2412 γενέσθαι
1121 2325 1141 2411 ἧ
1168 2320 1353 2405 άκσλουθία,

124 2446 225 2521 κιρ),
235 2428 384 2502 ,ἵσταται
403 2426 439 2494 τὸ
457 2432 555 2514 μέρος
570 2433 633 2493 ταῖν
646 2432 791 2495 Βενέτων
809 2431 855 2505 εἰς
870 2428 927 2494 τάν
951 2426 1054 2508 δεξιάν
1069 2425 1202 2510 ἔμβολον
1218 2427 1274 2509 τῆς
1287 2449 1353 2505 μα-

251 2527 385 2617 ναάρας,
401 2524 436 2607 dc
457 2531 545 2598 ἐστιν
560 2527 581 2616 ἦ
597 2528 679 2616 πάλη
698 2533 756 2594 τοῦ
774 2523 982 2612 αάγουστέως,
1009 2525 1048 2594 τά
1069 2524 1127 2594 ἴσα
1148 2527 1206 2592 τοῦ
1227 2523 1352 2601 πίνσου,

323 2700 347 2737 a.
367 2683 424 2736 τιὸν
443 2680 472 2734 a'
488 2680 530 2734 ed.
640 2682 679 2751 τί.
698 2683 748 2735 Pro
763 2678 823 2745 dn,
842 2679 919 2751 quod
936 2682 966 2733 tt.
981 2679 1114 2741 inreruit,
1133 2677 1193 2729 cod.
1211 2685 1240 2729 et
1252 2676 1295 2726 ed.
1316 2691 1351 2727 ex

319 2752 550 2823 praecedenthua
568 2767 713 2824 perperam
724 2759 867 2822 repetunt:
885 2755 926 2810 εἰς
937 2750 969 2804 τά
981 2752 1130 2822 φοροῦσιν
1146 2749 1177 2799 αλ
1191 2751 1350 2818 πατρίκιοι.

322 2825 364 2877 ο3.
383 2825 434 2878 Pro
454 2820 487 2883 dc
505 2821 564 2875 cod.
587 2825 640 2889 dc,
659 2821 732 2876 unde
748 2825 778 2876 R.
792 2824 863 2876 coni.
882 2821 919 2882 ολς
936 2823 966 2882 ἐς
979 2813 1032 2887 τὴν
1044 2819 1145 2885 πάλην.

252 2965 403 3036 spatharios
425 2967 558 3022 dextralia
580 2969 707 3022 manibus
728 2969 847 3022 serentea
866 2968 1002 3030 comitari,
1021 2984 1096 3019 arma
1113 2983 1178 3019 vero
1196 2982 1251 3018 non
1269 2964 1349 3034 aequi

252 3038 354 3092 sotere:
393 3041 498 3092 riveto
519 3038 554 3091 ad
576 3041 634 3094 xlx
654 3041 795 3093 accubitus
814 3040 912 3102 abeat,
939 3038 1092 3108 spatharios
1111 3054 1171 3088 earu
1191 3038 1274 3106 plane
1292 3051 1349 3088 non

252 3108 386 3166 comitari,
422 3109 500 3179 Quae
518 3119 662 3183 postquam
683 3129 696 3163 a
716 3113 849 3164 tribunali
869 3113 898 3163 in
917 3119 1076 3179 augusteum
1095 3110 1213 3178 ingressa
1231 3115 1285 3169 eat,
1303 3121 1349 3157 ae-

251 3185 377 3230 natorum
400 3197 498 3233 uxorer
525 3199 573 3251 per
599 3181 749 3235 triclinium
776 3183 836 3235 xtx
862 3182 1038 3233 accubituum
1060 3197 1109 3248 per
1126 3180 1269 3233 introitum
1295 3177 1350 3228 im-

249 3251 384 3318 peratorii
412 3251 554 3304 accubitus
580 3255 702 3314 intrant,
732 3259 761 3304 et
787 3252 821 3306 acl
849 3253 986 3322 porticum
1006 3251 1145 3320 augustei,
1173 3250 1222 3303 ubi
1242 3249 1348 3301 cortina

251 3335 382 3389 auspenua
404 3330 462 3384 eat,
480 3322 590 3375 abeunt.
626 3323 696 3376 Cum
716 3325 858 3376 coronatio
885 3323 1015 3375 inaurea
1038 3339 1118 3373 manu
1138 3329 1197 3373 acta
1215 3329 1272 3383 ert,
1298 3333 1348 3387 pa·

250 3391 347 3442 triciae
366 3409 397 3443 ac
415 3399 522 3446 ceterae
540 3401 603 3463 port
622 3395 707 3462 ipram
729 3410 817 3465 unque
835 3390 870 3445 ad
888 3403 1021 3463 pontem,
1038 3391 1073 3444 ad
1091 3393 1245 3444 convivium
1263 3405 1346 3440 roca·

248 3467 295 3512 tae
324 3477 411 3534 utque
440 3462 474 3514 ad
510 3464 648 3516 cochleam
677 3464 703 3516 S.
727 3463 883 3516 christinae
901 3463 1022 3527 abeunt,
1039 3463 1164 3533 reliquae
1188 3459 1344 3516 diocedunt.

248 3529 407 3584 Notandum
426 3551 536 3606 quoque
557 3543 607 3596 eat,
625 3535 754 3603 patriciae
774 3535 804 3587 ln
823 3535 1000 3588 coronatione
1018 3533 1156 3604 Augustae
1174 3532 1347 3602 propolonra,
1406 3582 1411 3590 ,

249 3599 336 3671 (quod
354 3603 450 3670 capitia
469 3613 657 3676 tegumentum
679 3605 749 3670 eat,)
767 3623 823 3658 non
840 3613 954 3675 gestare.
998 3607 1078 3658 Porro
1098 3603 1251 3676 imperator
1269 3599 1347 3654 ordi·

248 3672 338 3725 nariat
356 3675 501 3742 patricias,
527 3692 594 3745 quac
613 3677 685 3740 vuit,
713 3675 831 3746 deligit,
850 3685 898 3738 ut,
917 3680 947 3728 in
965 3686 1124 3748 angrrateum
1147 3692 1196 3745 par
1213 3681 1346 3742 σείουρο-

247 3740 305 3794 lum
324 3743 469 3814 ingrearae,
490 3745 627 3815 Auguatae
646 3739 852 3799 coronationem
871 3746 991 3800 videant
1012 3748 1057 3800 Sic
1077 3748 1160 3799 ctiam
1182 3743 1218 3796 ad
1235 3745 1346 3814 nuptiae

248 3813 372 3877 ordinat,
399 3823 430 3867 ut
453 3815 654 3887 paranymphus
680 3826 708 3870 et
733 3819 866 3887 patricii,
885 3834 1063 3890 quoacunque
1090 3817 1167 3881 vuit,
1191 3815 1346 3876 accedant,

246 3885 314 3952 qui,
331 3887 447 3952 peractio
465 3888 586 3956 nuptiIa,
605 3905 695 3940 rurauu
715 3887 892 3958 egrediuntur
912 3897 1015 3942 etcum
1035 3889 1150 3960 reliquia
1167 3888 1199 3940 iu
1216 3887 1271 3938 uria
1290 3892 1347 3937 ata·

245 3954 371 4007 tionibus
390 3958 552 4015 consistunt.
588 3957 669 4030 (VII.)
689 3959 741 4010 Die
761 3961 843 4012 tertia
859 3960 971 4022 lavacri,
989 3960 1098 4031 quando
1112 3958 1261 4011 cerimonia
1280 3973 1346 4026 per·

246 4027 288 4091 agi
317 4025 418 4088 debet,
444 4027 527 4080 factio
544 4029 651 4082 Veneta
669 4029 697 4081 in
725 4027 820 4082 dextra
838 4031 948 4100 porticu
969 4046 1149 4100 magnaurae,
1177 4044 1249 4100 quae
1265 4033 1347 4096 porta

247 4097 373 4168 cognate!
398 4105 455 4165 ert,
478 4099 509 4154 in
533 4099 644 4156 modun
669 4097 743 4172 pilae
764 4101 893 4169 matoria,
921 4101 1028 4160 Peucini
1051 4102 1082 4156 in
1098 4101 1228 4173 opponito
1256 4100 1344 4154 latere
