3042 4825
14 358 16 425 l

219 316 278 381 os
307 306 405 383 url
433 313 486 381 nr
513 312 645 381 amus
675 300 814 383 orsrr's
843 306 1132 386 CONSTAN'Tlttt.
1191 322 1233 387 m

118 478 281 536 stantinus
303 476 476 535 Romanum
494 472 604 551 filium,
627 494 741 534 corona
764 476 926 557 imposita,
946 479 981 536 in
1000 481 1120 559 parts·
1141 500 1233 542 cura.
1341 538 1344 543 ¹

14 548 16 605 l
117 578 196 618 mm
221 561 364 639 vocavit,
386 568 423 620 ut
444 578 515 620 eum
540 561 708 641 temperius
733 570 765 621 et
783 560 840 621 sibi
865 570 896 621 et
917 563 1089 643 posteritati
1110 564 1233 625 consor-

118 652 230 703 maret
250 644 284 706 ¹.

212 644 273 787 ixl
313 724 390 786 Una
412 735 480 785 tum
499 726 682 809 Imperatori
706 744 782 785 cura
804 735 889 803 erat,
919 736 957 787 ut
982 746 1111 811 regnum
1131 749 1151 790 a
1167 752 1236 792 ma-

116 809 248 871 ioribus
278 808 443 886 relictum,
472 810 561 871 avitis
596 811 765 893 patriisque
796 808 963 870 virmtibus
998 822 1138 893 regeret,
1178 822 1241 875 nec'

118 902 266 953 extrema
297 914 316 953 a
343 892 483 955 barbaris
506 894 789 954 dehonestarentur.
840 893 1066 976 Cappadociam
1094 898 1176 955 enim
1206 908 1239 960 et

116 975 320 1037 nobilissima
334 978 462 1037 minoris
481 975 574 1038 Asiae
593 978 706 1061 oppida
723 978 879 1054 Saraceni,
905 978 1038 1038 Tarsum
1057 978 1237 1061 incolentes,

117 1070 309 1139 vastarent,
330 1060 446 1144 praeda
462 1061 611 1121 immensa
629 1070 659 1121 et
674 1061 803 1142 captivis
829 1058 971 1141 plurimis
990 1061 1143 1141 abductis,
1157 1084 1237 1147 quos

118 1146 228 1224 pactis
247 1144 379 1204 induciis
397 1144 569 1223 Imperator
590 1146 705 1225 recepit
720 1145 752 1222 ²).
795 1143 958 1204 Interiecto
978 1154 1130 1227 tempore,
1148 1167 1234 1226 cum,

117 1246 210 1287 nova
240 1226 337 1288 classe
359 1228 519 1304 instructa,
545 1226 662 1288 Graeca
686 1225 790 1287 littora
814 1227 1009 1306 obsiderent,
1030 1229 1160 1291 Basilius·
1186 1252 1235 1292 se-

118 1310 234 1371 cundo
276 1310 370 1371 raclio
388 1330 440 1369 eos
456 1312 644 1390 prostravit,
667 1308 707 1369 de
724 1310 852 1370 ducibus
869 1311 996 1393 captivis
1018 1311 1236 1376 Constantinus

118 1332 325 1473 triumphum
353 1394 455 1473 prisco
481 1414 569 1454 more
594 1395 656 1475 egit
679 1392 715 1470 ³).
770 1393 836 1454 Nec
874 1397 996 1456 minora
1021 1394 1094 1457 belli
1124 1396 1235 1458 decora

120 1476 246 1536 Leonis
262 1486 293 1535 et
314 1473 495 1557 Nicephori,
517 1476 641 1537 Phocae
656 1476 787 1558 Bardae,
812 1480 946 1558 supremi
965 1478 1051 1539 ducis
1070 1483 1232 1559 exercitus,

121 1558 283 1637 liliorum,
304 1559 396 1622 fuere.
449 1560 529 1639 Qui,
554 1582 625 1621 cum
651 1571 760 1641 pater,
791 1563 879 1622 annis
908 1561 1085 1644 morbisque
1112 1566 1234 1645 gravis,

121 1641 213 1703 hosti
243 1652 308 1702 tam
331 1640 445 1718 feroci,
475 1654 542 1704 tam
572 1642 702 1720 callido,
728 1644 830 1723 impar
853 1655 951 1723 esset,
972 1644 1045 1706 belli
1072 1646 1238 1708 discrimen

122 1726 277 1804 subiere,
298 1734 329 1785 et
351 1726 467 1785 domito
486 1726 614 1788 Chalebi
636 1724 801 1809 praesecto,
824 1726 935 1787 urbem
949 1728 1174 1811 triumphantes
1195 1733 1240 1791 in·
1266 1750 1270 1756 ’

122 1818 257 1870 trarunt
278 1808 317 1888 ⁴).
365 1810 522 1869 Victoriae
545 1808 664 1870 fructus
693 1807 769 1869 urbs
792 1808 950 1872 Samosata
975 1811 1050 1889 suit,
1080 1836 1099 1873 a
1123 1813 1236 1875 basilio

125 1894 159 1951 in
189 1893 342 1953 ditionem
367 1890 502 1957 redacta.
544 1892 664 1953 Eodem
693 1902 847 1974 tempore,
878 1914 913 1954 re
932 1894 1061 1957 feliciter
1087 1899 1122 1957 in
1147 1896 1236 1957 Afri-

126 1997 165 2035 oa
185 1987 296 2059 gesta,
330 1996 366 2034 ex
395 1974 537 2059 Aegypto
576 1986 606 2037 et
634 1976 742 2037 Persia
771 1976 882 2058 legati,
910 1999 1062 2039 renovare
1101 1980 1233 2053 dextras,

127 2070 165 2119 ut
204 2080 289 2119 nova
323 2057 446 2119 foedera
479 2054 664 2143 componere
701 2061 880 2141 cupientes,
907 2082 1021 2122 venere
1028 2108 1038 2139 ,
1068 2063 1153 2145 quod
1174 2064 1235 2124 sibi·

128 2142 351 2225 magnificum,
379 2151 417 2201 ut
454 2153 542 2218 erat,
575 2144 747 2223 Imperator
771 2142 856 2201 duxit
876 2142 910 2220 ⁵).
959 2144 1072 2205 Postea
1109 2147 1238 2207 turbare

129 2226 262 2285 fortuna
283 2224 392 2304 coepit.
444 2223 472 2283 E
496 2225 588 2284 Creta
615 2228 698 2284 enim
725 2224 844 2299 insula,
875 2245 986 2308 magna
1014 2228 1237 2291 Saracenorum

128 2308 229 2369 turba
262 2326 444 2388 erumpens,
471 2309 610 2387 navigia,
638 2326 716 2389 quac
746 2308 855 2367 Graeci
881 2306 1069 2370 validissima
1090 2314 1124 2371 in
1150 2334 1238 2373 marc

130 2392 342 2468 deduxerant,
363 2399 417 2450 aut
445 2393 568 2468 mersit,
589 2400 642 2450 aut
664 2392 832 2452 cremavit:
856 2410 963 2452 caussa
982 2392 1162 2457 calamitatis
1184 2398 1239 2458 du·

132 2497 210 2536 curn
230 2473 414 2556 negligentia
434 2483 465 2533 ct
494 2475 649 2556 imperitia
679 2473 747 2536 fuit
788 2473 853 2534 Nec
881 2478 992 2537 amissa
1019 2477 1238 2541 Constantinus

132 2555 295 2640 Gongylas
323 2559 492 2638 reparavit,
520 2559 596 2640 quin
618 2559 720 2638 potins
746 2557 779 2616 in
804 2578 959 2618 summum
986 2559 1149 2622 discrimen
1169 2584 1237 2624 rem

133 2643 329 2702 Graecorum
362 2642 453 2700 traxit
480 2637 514 2720 ⁶).
567 2639 728 2701 Postremo
756 2635 949 2722 Nicephorus
977 2642 1101 2704 Phocas
1122 2653 1247 2708 novam'

135 2724 268 2785 classem
289 2723 427 2800 molitus,
448 2725 481 2782 in
509 2723 633 2784 Cretam
656 2723 766 2798 solvit,
789 2723 862 2785 lusis
889 2724 1048 2805 hostibus,
1067 2749 1152 2790 arces
1173 2751 1238 2792 mu·

133 2811 319 2883 mitissimas,
338 2809 371 2868 in
394 2807 442 2867 his
465 2805 682 2884 Chandacem,
707 2808 894 2867 tutissimum
915 2813 1238 2892 gentissspraesidium,

136 2891 270 2968 excidit,
289 2890 399 2967 urbes,
421 2889 581 2970 praefectis
603 2891 781 2972 subiugum
801 2893 916 2967 missis,
946 2895 1078 2975 recepit,
1108 2905 1145 2956 ut
1172 2918 1239 2957 me·

135 2974 291 3036 mendum
313 2984 407 3052 esset,
427 2994 467 3034 ne
487 2983 573 3034 tanto
601 2995 741 3037 successu
762 2995 868 3035 rerum
899 2974 1014 3056 elatiss,
1040 2999 1171 3062 regnum
1192 2979 1246 3041 as-·'

185 3136 429 3262 >
461 3210 1082 3284 ‚

210 3281 242 3351 3)
268 3279 344 3334 Idem
366 3299 427 3352 pag.
440 3227 517 3339 paga.
561 3279 633 3334 Eius'
655 3281 788 3352 triumphi
821 3231 997 3367 splendorlim
1023 3232 1177 3358 'tripietis
1205 3290 1239 3340 ia

210 3367 298 3422 opere
325 3350 361 3404 de
387 3352 550 3432 Cerimqniis
576 3355 685 3420 Byzant.
711 3353 859 3425 descripsit
879 3355 930 3408 fol.
951 3358 1011 3410 206.
1031 3357 1059 3408 b.
1079 3373 1119 3429 sq.
1209 3357 1238 3428 4)

209 3423 362 3475 Avaritiam
389 3423 491 3476 bardae
521 3423 642 3489 Phocae,
677 3427 799 3496 supremi
827 3426 962 3479 exercitus
991 3427 1087 3491 ducis,
1111 3429 1142 3480 iu
1167 3427 1238 3479 ulti-
1293 3447 1308 3460 ⁸

209 3507 285 3544 mam
301 3495 453 3563 pernicicm
471 3512 527 3548 rem
547 3496 714 3550 Graecorum
731 3499 861 3560 traxisse,
888 3497 1031 3551 Cedrenus
1048 3501 1104 3562 ait,
1120 3516 1148 3568 p.
1166 3500 1239 3567 637,

210 3562 247 3615 de
268 3579 324 3636 quo
341 3564 425 3617 silent
445 3565 555 3626 Contin.
576 3564 771 3637 Theophanis,
791 3566 973 3638 Logothetes,
994 3570 1094 3632 ceteri,
1114 3571 1165 3640 qui
1184 3569 1237 3621 Ni-

210 3633 341 3704 cephoro.
361 3636 543 3706 triumphalia
574 3647 734 3690 ornamenta
767 3655 784 3690 a
807 3639 991 3692 Constantino
1019 3641 1130 3693 decreta
1158 3655 1247 3708 esse,¹

208 3705 392 3758 tradiderunt„
430 3705 584 3772 cedrenus,
615 3710 707 3762 laum
739 3709 937 3779 Imperatorem
964 3711 999 3762 dc
1031 3709 1182 3763 Chabdano
1207 3721 1237 3765 et

209 3778 327 3847 captisis
347 3777 490 3831 Saracenis
519 3725 690 3848 triumphum
713 3779 817 3850 egisse,
846 3780 947 3843 refert,
970 3781 1046 3853 qnod
1069 3797 1179 3843 serum,
1205 3790 1237 3834 et

209 3849 618 3990 iem
641 3869 704 3990 a
721 3849 1117 3991 aritiensis
1148 3852 1235 3975 tri

210 3989 306 4042 Gallos
330 3989 366 4042 ad
393 3991 604 4044 Constantinum
625 3991 729 4062 legatos
753 4001 782 4045 et
804 3992 917 4045 obsides
940 3995 1063 4057 misisse,
1082 3995 1155 4048 idem
1167 4009 1235 4064 pro-

210 4057 254 4111 dit
274 4077 300 4130 p.
321 4063 381 4116 283·
418 4061 460 4114 ab
481 4064 578 4115 Italiae
597 4075 677 4133 rege,
697 4065 879 4133 berengario,
896 4063 1081 4134 Luitpraudus
1101 4065 1236 4116 'liciacu-

209 4131 264 4192 sis,
288 4139 395 4194 orator,
428 4133 690 4202 Constantinopolin
717 4138 857 4204 profectus
884 4143 932 4187 est·
968 4134 1000 4185 V.
1018 4131 1079 4185 Lib.
1099 4136 1145 4190 Vl.
1167 4145 1190 4185 c.
1211 4151 1231 4184 r.

212 4202 241 4271 6)
257 4203 373 4255 Zonaras
391 4219 416 4273 p.
443 4207 499 4273 ¹9⁵·
535 4206 677 4260 Cedrenus
696 4223 721 4276 p.
742 4207 804 4274 640.
839 4205 952 4259 contin·
981 4199 1107 4276 Theopb.
1126 4220 1153 4277 p.
1171 4219 1235 4276 ²97·
