3042 4825
227 210 229 215 -
267 157 355 260 416
483 187 752 254 οοαετλατιαι
779 180 1146 256 romaricensem

271 337 329 403 καί
356 336 376 403 δ
396 333 534 426 ἔπαρχος
554 343 589 407 ἐν
608 343 655 430 τῷ
674 343 887 433 κονσιοταρίιρ
907 339 1045 409 narcissi
1066 340 1152 421 ἔθος.
1181 340 1213 410 et
1231 346 1269 410 di
1288 367 1369 432 συγ-

270 439 414 524 κλητικοὶ
429 442 486 504 καί
504 439 617 517 πάντες
637 442 667 506 οἱ
687 435 839 529 ἄρχοντες
859 445 1019 525 ἵστανται,
1040 447 1097 510 καί
1115 446 1298 530 εἰσέρχεται
1318 447 1367 523 είς

267 537 302 605 τὸ
324 535 545 622 κουβοάκλειον
563 539 643 622 μετὰ
664 544 726 607 τάν
745 541 943 627 πατρικίων,
972 541 1029 610 καί
1046 544 1117 610 ἐκεῖ
1136 543 1367 610 συντάττονται

234 635 297 706 Dei
318 636 481 726 πατρίκιοι
502 641 558 704 καί
575 642 772 726 ἐξέρχονται,
792 639 852 706 καί
868 640 1010 707 δίδονται
1026 645 1150 726 μίσσαι,
1192 645 1247 708 δεῖ
1262 645 1299 708 δὲ
1319 644 1367 708 εί-

264 739 373 820 δέναι,
404 733 453 802 ὅτι
475 731 567 820 ὅρκον
588 737 619 804 οἱ
639 734 795 826 άρχοντες
812 743 872 805 τοῦ
893 745 1052 807 παλατίου
1071 745 1289 828 παρέχουσιν,
1320 741 1387 818 άςὸ

263 835 321 900 οῦκ
341 836 604 919 ἐπιβουλεύουσιν
624 839 711 927 adripi
732 833 753 925 ἢ
773 841 813 928 τῇ
832 845 992 931 πολιτεία,
1021 846 1078 908 κατ’
1095 840 1134 906 τὸ
1156 845 1232 928 περί
1248 838 1366 907 τούτου

263 933 490 1022 ὄρκοσκοπικδν
522 939 716 1024 φυλάττεται
735 938 824 1023 παρά
845 941 890 1029 τῷ
909 945 1042 1024 βασιλεῖ
1048 965 1058 983 ·
1089 940 1147 1008 ἐάν
1167 943 1204 1006 δὲ
1224 937 1274 1027 εἴη
1304 939 1368 1005 αὖ·

260 1036 383 1118 γοάστα
405 1036 440 1102 δν
460 1037 505 1126 τῷ
525 1041 684 1128 παλατίῳ,
716 1033 839 1129 aistand
860 1041 904 1128 τῷ
931 1042 1114 1123 tinctitiis
1132 1043 1180 1130 τῷ
1197 1045 1365 1128 natatio,

259 1125 331 1218 ἢτοι
361 1136 394 1199 δυ
423 1137 467 1224 τῷ
497 1135 698 1228 αδγουσταίιρ
727 1124 814 1222 ἔσω,
842 1137 899 1205 κατ’
917 1137 936 1202 ὅ
956 1137 1106 1223 βασιλευς
1126 1148 1221 1228 φιλεῖ
1233 1136 1293 1224 τὴν
1312 1161 1367 1203 κε·

261 1231 368 1321 φαλὴυ
397 1229 511 1321 αδτῆς·
553 1239 741 1335 καίμτρέφει
759 1237 778 1305 ά
798 1236 952 1322 βασιλεῦς
972 1241 1007 1304 δν
1025 1240 1070 1330 τῷ
1096 1236 1224 1326 μεγάλῳ
1240 1238 1407 1324 τραιλί-ιο

259 1356 319 1421 νιρ,
350 1335 386 1398 ἐν
405 1337 466 1416 μὲν
486 1336 532 1424 τῷ
552 1333 623 1426 ἰδίῳ
645 1331 750 1402 αὐτοῦ
770 1337 929 1427 α’κουβίτιρ
954 1337 1032 1416 τούς
1058 1337 1290 1425 πραιποσίτους
1308 1336 1368 1403 καί

260 1433 465 1518 πατρικίους,
499 1430 556 1514 οὓς
576 1431 726 1519 βούλεται
734 1486 744 1519 ,
777 1435 929 1514 καὶτοὺς
957 1436 1116 1522 ἐπάρχους
1140 1434 1198 1502 καί
1223 1434 1279 1502 τὸν
1297 1434 1367 1519 μά-

105 1537 161 1596 ‘Est
170 1541 414 1616 Ιπαιίαχιστρον,
435 1536 471 1599 ἒν
492 1535 528 1598 δὲ
548 1541 614 1612 τοῖς
640 1528 750 1613 ἄλλοις
776 1535 958 1620 άκοαβίτοις
976 1535 1055 1614 τοδς
1074 1534 1285 1623 στρατιώτας,
1307 1530 1367 1614 οὓς

256 1625 298 1696 δν
318 1630 459 1698 κελεύσει
469 1684 479 1716 ,
508 1625 530 1720 ἢ
552 1624 713 1719 ἄρχοντας
732 1633 989 1719 στρατιωτικούς.
1030 1637 1233 1722 εἰσέρχονται
1253 1636 1289 1699 δὲ
1307 1636 1365 1698 κατ’

255 1731 386 1814 παίγνια
407 1733 441 1797 ἐν
460 1735 505 1822 τῷ
526 1727 661 1822 άράττρι,
688 1730 746 1798 ἐὰν
766 1731 881 1821 συνιδῃ
902 1731 920 1796 ὃ
938 1730 1100 1816 βασιλεύς.
1141 1731 1206 1819 χρὴ
1228 1733 1404 1814 εΐδίναι,ι5

255 1822 305 1906 ὅτι
326 1828 387 1894 α’πό
405 1829 588 1897 Ἐλενιανῶν
608 1833 670 1908 ἓως
689 1833 746 1914 τῆς
766 1831 882 1917 πόρτης
902 1829 961 1894 δύο
983 1831 1117 1917 κόμητες
1137 1836 1262 1914 σχολῶν
1281 1855 1366 1917 κρυ·

255 1931 347 1995 τοῦσι
369 1927 408 1994 τά
442 1932 531 2014 μῆλα
550 1932 608 2015 τῆς
635 1927 814 2014 καρούχας,
848 1926 912 1993 α’πά
935 1933 972 1995 δὲ
992 1931 1049 2015 τῆς
1076 1928 1196 2015 πόρνης
1222 1933 1284 2007 ἓως
1303 1930 1365 1994 τοῦ

256 2025 362 2115 φόρου
385 2026 443 2092 doio
463 2027 597 2114 κάμητες
622 2029 841 2112 δομεστίκων,
872 2021 936 2093 άπὸ
959 2031 995 2094 δὲ
1014 2031 1073 2093 τοῦ
1092 2026 1198 2115 φόρου
1220 2029 1281 2104 ἕως
1300 2031 1362 2093 τοῦ

253 2128 410 2192 παλατιόυ
433 2124 491 2192 δύο
521 2124 582 2193 άπό
612 2127 745 2192 tudano
773 2125 1000 2213 στρατιωτικοί
1025 2125 1108 2192 κατά
1128 2125 1166 2192 τά
1187 2131 1300 2212 σχῆμα
1320 2129 1359 2191 ad

251 2224 493 2312 λεχθησόμενον
522 2229 557 2292 ἐν
583 2235 647 2304 τοῖς
675 2225 752 2313 περί
777 2230 837 2291 τοῦ
868 2229 1020 2313 Μαρτίου
1046 2229 1286 2312 γεγραμμένοις.
1309 2227 1404 2309 ῥεἶτα

109 2327 298 2401 Μι.ι63.λιδὲ
330 2324 481 2408 βούλεται
509 2324 717 2409 δβασιλεδς,
749 2325 928 2414 δναχυριδν
954 2328 990 2391 ἐκ
1008 2326 1064 2411 τῆς
1089 2327 1257 2410 &minorisa
1275 2333 1368 2390 ποιεῖ

255 2424 499 2513 κονσιστάριον,
534 2428 591 2492 καί
622 2426 748 2509 δέχεται
784 2426 905 2502 πάντας
939 2425 1003 2491 άπὸ
1033 2428 1155 2491 λευκῶν
1181 2427 1360 2509 χλανιδίων

328 2613 350 2649 ι.
367 2594 533 2668 μάγισιρος
547 2609 599 2664 pro
619 2590 747 2667 ἔπαρχος
764 2594 837 2648 coni.
856 2593 886 2645 li.
961 2593 1001 2647 15.
1022 2591 1119 2667 csridp
1137 2590 1198 2644 cod
1218 2598 1248 2643 et
1267 2590 1323 2678 ⁸⁶⁸.

256 2748 286 2786 ra
296 2730 409 2853 palatii.
446 2730 580 2784 Praefecti
605 2736 673 2783 tunc
697 2736 726 2783 et
744 2730 876 2799 magister
893 2729 923 2781 in
942 2729 1107 2782 consistorio
1123 2728 1269 2783 licentiam
1286 2728 1356 2782 abe-

255 2820 293 2855 un
315 2804 460 2855 isumunt
503 2804 539 2855 At
562 2808 702 2853 senatores
728 2808 756 2851 et
782 2800 866 2856 ceteri
891 2801 1062 2871 magistratus
1085 2808 1248 2870 permanent
1264 2798 1356 2851 adhuc

254 2870 360 2923 ibidem
379 2880 502 2935 stantes,
520 2870 609 2924 donec
626 2873 762 2941 ingressus
779 2870 930 2939 Imperator
953 2870 984 2923 in
1002 2870 1158 2923 cubiculum
1175 2872 1204 2921 in
1223 2872 1354 2923 comitatu

198 2968 206 2983 ·
253 2942 430 3013 patriciorum
447 2941 490 2993 his
518 2938 640 2994 abeundi
659 2941 767 2993 veniam
785 2940 913 3007 dederit;
932 2939 976 2993 his
1001 2949 1092 2993 autem
1111 2942 1226 3011 egressis
1242 2939 1355 2992 tandem

254 3015 353 3066 missae
372 3013 481 3067 dantur.
517 3012 579 3065 Non
597 3011 848 3083 praetereundum,
873 3026 998 3081 proceres
1017 3012 1153 3081 palatinos
1174 3011 1257 3063 fidem
1276 3026 1353 3062 suam

254 3083 433 3137 iureiurando
465 3082 605 3155 obligare,
632 3100 662 3136 se
680 3099 822 3152 nunquam
847 3091 895 3135 aut
918 3082 973 3151 ipsi
991 3082 1151 3153 Imperatori
1171 3090 1220 3133 aut
1235 3081 1353 3151 imperio

254 3152 370 3205 insidias
389 3160 537 3205 structurus
560 3168 627 3205 csse.
662 3154 776 3205 Litteris
791 3156 974 3222 consignatam
994 3154 1053 3205 eius
1071 3153 1232 3205 sacramenti
1249 3153 1353 3203 sormu-

253 3224 308 3276 iam
337 3232 456 3277 asservat
478 3224 630 3291 Imperator
647 3238 731 3293 penes
751 3240 790 3275 se.
822 3224 987 3293 stingum
1004 3224 1040 3276 sit
1057 3222 1225 3291 in'paiatio,
1244 3220 1352 3274 obviam

164 3338 166 3343 .
253 3295 278 3347 it
297 3294 460 3367 Imperatori
476 3309 564 3357 novo,
584 3293 680 3347 sedin
697 3294 818 3364 palatio,
835 3293 864 3345 id
890 3303 932 3346 est
949 3294 1022 3346 intra
1042 3301 1217 3367 augusteum
1237 3294 1354 3363 eiusque

255 3374 339 3435 caput
355 3368 506 3435 Imperator
527 3366 673 3417 osculatur.
709 3364 753 3417 Ad
773 3366 927 3417 convivium
945 3380 1030 3433 penes
1047 3382 1077 3417 se
1094 3372 1154 3415 turn
1173 3364 1278 3417 retinet
1293 3363 1352 3413 im-

273 3441 364 3489 erator
380 3436 411 3489 iu
429 3450 527 3507 magno
545 3434 669 3487 triclinio
685 3471 694 3497 ,
708 3433 744 3485 ad
763 3452 840 3487 suam
858 3434 986 3507 quidem,
1004 3436 1049 3487 cui
1066 3437 1126 3506 ipse
1145 3432 1291 3494 accumbit,
1310 3440 1355 3484 ts·

251 3452 349 3558 Boiam
392 3508 561 3577 praepositos
601 3511 629 3556 et
663 3507 810 3575 patricios,
842 3523 911 3578 quos
941 3506 1074 3570 voluerit,
1102 3514 1131 3558 et
1149 3506 1304 3576 praefectos
1323 3509 1353 3554 ct

252 3578 428 3647 magistrum,
456 3575 492 3627 ad
517 3576 639 3646 reliquos
662 3582 753 3627 autem
774 3576 918 3631 accubitus
943 3593 990 3628 seu
1009 3592 1116 3640 menses
1141 3577 1262 3635 milites,
1281 3588 1352 3694 ιραοι

252 3648 313 3716 ipse
333 3647 533 3717 designaverit,
551 3654 599 3697 aut
617 3654 644 3699 ct
665 3647 837 3715 magistratus
855 3648 998 3699 militares.
1032 3649 1142 3701 latrant
1158 3661 1271 3719 quoque
1301 3641 1352 3694 udi

253 3724 284 3769 ct
301 3718 429 3771 ludiones
447 3720 477 3770 in
516 3716 661 3781 randium;
686 3717 734 3769 sed
752 3735 809 3771 non
834 3718 890 3779 nisi
907 3719 1016 3771 conscio
1035 3726 1064 3771 et
1079 3718 1159 3771 indui
1178 3726 1241 3769 ente
1257 3716 1351 3784 Impe-

253 3797 352 3841 ratore.
390 3734 553 3841 Tenendum
575 3804 688 3859 quoque
712 3787 766 3839 hoc
789 3796 846 3849 est,
875 3786 910 3839 ab
942 3788 1103 3841 Helenianis
1126 3736 1195 3840 inde
1211 3780 1351 3857 usquead

252 3867 359 3929 portam
378 3875 461 3930 poma
479 3856 625 3911 carruchae
647 3859 736 3910 teneri
752 3856 884 3911 aduobus
896 3860 1043 3912 comitibus
1061 3859 1231 3924 scholarum
1250 3872 1266 3906 a
1282 3872 1351 3926 por·

254 3940 282 3982 ta
300 3948 363 3983 vcro
382 3930 449 3997 inde
466 3946 553 4001 usque
575 3928 717 3981 adfurum
742 3927 944 4002 [constantini]
967 3946 983 3980 a
1002 3929 1110 3982 dnobus
1130 3927 1280 3983 comitibus
1298 3924 1351 3977 do·

254 4005 443 4068 mesticorum3
463 4016 478 4051 a
498 4002 557 4053 soro
575 4000 688 4053 tandem
721 4016 808 4072 usque
826 4000 1014 4069 adspalatium
1040 4018 1056 4051 a
1080 3992 1187 4052 duobus
1214 4012 1350 4051 exconsnr

254 4065 328 4126 libus
347 4067 542 4136 militaribus,'
564 4070 714 4123 secundum
739 4066 937 4136 ceremoniale,
963 4072 999 4124 de
1018 4090 1073 4144 quo
1095 4072 1179 4125 letius
1197 4074 1352 4141 exponetur
