3042 4825
444 932 999 1014 PRAEFATIO.

174 1264 245 1370 De
267 1310 453 1370 Constantino
470 1316 705 1391 Porphyrogenito
724 1322 913 1392 Imperatore,
931 1322 966 1375 da
983 1321 1064 1377 libris
1081 1324 1184 1396 quibua
1202 1328 1272 1381 ordo

173 1416 258 1471 aulae
276 1418 443 1493 Bynauh‘nae
461 1420 631 1489 declaratur,
648 1424 698 1495 qui
715 1414 750 1479 ad
767 1425 848 1479 illum
866 1434 1006 1481 auctorem
1027 1428 1199 1495 reseruntur,
1224 1446 1272 1483 eo-

172 1536 294 1593 rumque
310 1514 406 1579 codice
422 1524 578 1597 Lipsiensi,
593 1526 678 1599 plene
696 1527 909 1601 luculenterque
926 1547 944 1581 a
966 1530 1082 1584 Leicbio
1102 1531 1272 1605 detritoque

176 1624 338 1695 expositum
361 1636 420 1683 est:
445 1618 500 1684 nos'
518 1630 641 1687 breviter
661 1631 877 1703 explicabimus,
902 1631 973 1687 haec
997 1634 1085 1689 editio
1103 1635 1273 1708 quibusnam

176 1726 290 1783 dotibus
310 1730 353 1783 illi
369 1740 493 1803 praestet
509 1751 582 1806 quae
600 1742 629 1789 et
645 1738 775 1809 princepe
794 1737 866 1803 luit,
886 1745 916 1789 et
929 1735 1064 1794 bactennr
1081 1738 1171 1792 unica.
1189 1740 1269 1793 liano

176 1832 197 1887 a'*
212 1833 329 1887 Leichiu
350 1846 494 1909 coeptam,
520 1840 724 1911 immaturaque
752 1841 813 1919 eiua
838 1848 928 1895 morte
952 1841 1099 1913 abruptam
1125 1842 1272 1898 alieiskio

171 1936 211 1989 ad
227 1939 313 1993 finem
330 1942 399 1995 tomi
416 1943 531 1998 secundi
547 1944 719 2015 perductam,
736 1946 851 1999 tertium
866 1945 1010 1999 voluntate
1027 1944 1199 2017 bibliopolae
1221 1948 1272 2019 qui

170 2043 215 2097 rei
236 2042 383 2099 familiaris
407 2047 544 2103 iacturam
561 2048 657 2119 angeri
674 2048 791 2103 nolebat
810 2048 942 2101 omissum
960 2064 1036 2116 ease,
1058 2050 1204 2105 nouerim
1226 2065 1272 2104 res
1323 2122 1327 2132 ι

172 2154 223 2205 est
240 2146 473 2219 Leicbius,prara
487 2151 604 2205 oonsilio
613 2170 688 2217 urus,
700 2154 740 2205 ita
749 2154 868 2207 conlisus
881 2159 923 2207 eat
938 2153 1097 2225 apographo
1115 2170 1166 2223 per
1182 2154 1273 2207 Drau-

173 2248 252 2303 dium
275 2250 418 2316 coniecto,
443 2259 477 2306 ut
503 2253 552 2313 aix
573 2255 723 2327 inspiceret
747 2255 872 2310 codicem
899 2258 978 2311 cuius
1000 2258 1156 2329 praesentia
1191 2257 1270 2329 copia

171 2360 249 2418 erat,
267 2352 421 2409 editionem
439 2361 513 2409 certe
530 2357 612 2411 unice
631 2359 667 2412 ud
684 2358 756 2414 illud
774 2360 848 2432 typis
866 2362 1044 2418 exscriberet.
1059 2359 1115 2415 Sed
1132 2358 1271 2428 lleiskina,

170 2465 301 2530 suscepta
327 2460 418 2531 operis
443 2475 529 2528 cura,
551 2461 625 2516 nihil
642 2463 785 2536 antiquius
799 2480 863 2518 ,esse
886 2463 967 2518 duxit
982 2465 1134 2520 collatione
1153 2463 1271 2532 codicia,

169 2565 247 2619 unde
261 2581 344 2638 qnam
360 2562 487 2635 plurimis
505 2563 575 2618 loeis
588 2564 761 2620 foedissimos
777 2585 883 2622 errores
896 2571 1032 2640 correxit,
1049 2573 1137 2625 incisa
1149 2573 1269 2642 integra,

169 2675 287 2741 propter
304 2666 507 2740 dpusurtlooao
528 2670 711 2740 praesertim,
738 2671 855 2738 omissa,
878 2672 1018 2726 restitnit:
1037 2689 1108 2744 quae
1126 2672 1217 2726 omniu
1238 2676 1270 2729 in

172 2775 371 2829 commentario
389 2780 516 2828 accurate
533 2773 683 2840 iudicavit,
707 2773 855 2846 inpriore
881 2783 961 2846 parte
987 2792 1061 2848 qnae
1079 2779 1136 2830 iam
1153 2795 1169 2832 e
1189 2778 1268 2848 prelo

173 2879 283 2934 exierat
304 2876 451 2934 emendare
477 2895 535 2932 non
563 2857 673 2931 licebat
715 2878 772 2948 Ego
800 2895 817 2932 a
841 2878 972 2934 Classeno
990 2896 1053 2933 meo
1071 2881 1215 2952 impetrari
1237 2887 1270 2935 nt

169 2983 272 3040 vitiosa
296 2981 474 3045 emendaret,
501 2996 598 3032 manca
621 2979 781 3050 suppleret,
806 2998 878 3054 quae
903 2999 938 3036 ex
965 2999 1049 3053 prave
1076 2986 1179 3056 graecis
1195 2999 1265 3038 mae

169 3101 251 3138 verra
269 3093 380 3152 essent,
399 3084 562 3156 corrigerem
583 3084 675 3137 omnia
696 3101 731 3136 ex
747 3092 840 3138 mente
847 3085 969 3144 Reiskil:
988 3088 1065 3140 onius
1083 3088 1123 3141 rei
1143 3088 1269 3144 ertator

169 3187 228 3242 t'uit
249 3204 307 3244 non
331 3191 460 3262 exiguus,
486 3196 517 3242 ot
537 3185 643 3242 fructus
666 3203 732 3240 sane
759 3188 873 3260 amplus.
920 3192 953 3244 ln
986 3191 1167 3264 requentibus
1197 3209 1268 3266 quae

169 3291 300 3346 Reiskins
318 3292 380 3364 ipse
395 3293 552 3360 accuravit,
569 3291 643 3346 nihil
658 3297 766 3346 mutare
783 3293 906 3364 placuit,
924 3311 1090 3368 quamquam
1105 3296 1269 3370 ille,qnum

168 3404 303 3471 portenta
318 3396 474 3463 scribendi,
492 3397 587 3472 qualia
605 3396 637 3452 in
655 3393 750 3450 codice
776 3403 881 3464 extant,
897 3397 1114 3471 manifestorque
1144 3415 1267 3466 errores,

169 3503 358 3575 relinqueret,
385 3501 441 3556 sibi
469 3502 540 3572 ipsi,
558 3515 692 3572 meaeque
710 3499 905 3555 consuetudini
923 3504 1076 3556 contrarius
1092 3503 1185 3558 luerit
1212 3503 1268 3558 Sed

167 3605 302 3660 nolebam
319 3605 478 3660 festinatior
496 3621 590 3678 agere,
607 3606 684 3678 quod
701 3606 793 3662 lacere
819 3604 991 3672 debuissem,
1018 3607 1077 3662 otio
1102 3606 1267 3677 destitutum

165 3711 263 3782 tuque
280 3711 505 3776 incommodum,
520 3709 596 3784 quod
609 3711 699 3766 levius
711 3710 782 3767 mibi
796 3711 954 3776 videretur,
967 3711 1047 3793 elegi.
1090 3709 1184 3783 Quum
1200 3725 1266 3766 aero

170 3813 413 3890 concedimusnou
427 3830 486 3869 esse
493 3813 571 3870 omni
581 3831 696 3870 numero
709 3817 865 3871 absolutam
871 3815 1058 3871 recensionem
1065 3813 1179 3882 Reiskii,
1189 3831 1267 3870 conr-

169 3916 302 3971 nuentsrii
329 3916 461 3974 laudibus
477 3918 552 3973 nihil
579 3935 644 3974 saue
663 3919 836 3986 detrahitur,
854 3937 911 3995 quo
930 3921 981 3975 ille
999 3935 1041 3974 res
1059 3918 1266 3974 obscurissimas

172 4025 307 4092 nmque
325 4037 498 4076 communem
515 4022 702 4094 cognitionem
709 4027 814 4097 positas
826 4025 867 4080 ita
886 4025 1034 4098 explicarit
1049 4032 1083 4079 ut
1096 4023 1265 4092 Lessingius,

170 4125 254 4180 etiam
272 4090 304 4180 ii
319 4121 365 4179 bis
384 4124 488 4184 litteris
505 4126 722 4202 sapientissimus
739 4127 840 4196 index,
865 4129 1074 4196 „admirandum
1101 4144 1160 4183 erse
1176 4143 1264 4199 opus,
