<?xml version="1.0" encoding="UTF-8"?>
<!DOCTYPE html PUBLIC "-//W3C//DTD XHTML 1.0 Transitional//EN"
    "http://www.w3.org/TR/xhtml1/DTD/xhtml1-transitional.dtd">
<html xmlns="http://www.w3.org/1999/xhtml" xml:lang="en" lang="en">
 <head>
  <title>
</title>
<meta http-equiv="Content-Type" content="text/html;charset=utf-8" />
  <meta name='ocr-system' content='tesseract 3.04.00' />
  <meta name='ocr-capabilities' content='ocr_page ocr_carea ocr_par ocr_line ocrx_word'/>
</head>
<body>
  <div class='ocr_page' id='page_1' title='image "./corpusscriptoru40niebgoog/corpusscriptoru40niebgoog_0856.png"; bbox 0 0 3042 4825; ppageno 0'>
   <div class='ocr_carea' id='block_1_1' title="bbox 263 129 1145 242">
    <p class='ocr_par' dir='ltr' id='par_1_1' title="bbox 263 129 1145 242">
     <span class='ocr_line' id='line_1_1' title="bbox 263 129 1145 242; baseline 0 -12"><span class='ocrx_word' id='word_1_1' title='bbox 263 129 346 242; x_wconf 72' lang='grc'><strong>744</strong></span> <span class='ocrx_word' id='word_1_2' title='bbox 466 159 740 226; x_wconf 72' lang='lat' dir='ltr'><strong>consuluntur</strong></span> <span class='ocrx_word' id='word_1_3' title='bbox 776 163 1145 235; x_wconf 76' lang='lat' dir='ltr'><strong>romaraooauru</strong></span> 
     </span>
    </p>
   </div>
   <div class='ocr_carea' id='block_1_2' title="bbox 113 311 1410 2390">
    <p class='ocr_par' dir='ltr' id='par_1_2' title="bbox 113 311 1410 2390">
     <span class='ocr_line' id='line_1_2' title="bbox 260 311 1365 404; baseline 0.008 -28"><span class='ocrx_word' id='word_1_4' title='bbox 260 313 352 397; x_wconf 78' lang='grc' dir='ltr'><strong><em>ἡνίκα</em></strong></span> <span class='ocrx_word' id='word_1_5' title='bbox 372 311 407 378; x_wconf 84' lang='grc' dir='ltr'><strong><em>τό</em></strong></span> <span class='ocrx_word' id='word_1_6' title='bbox 430 311 513 379; x_wconf 81' lang='grc' dir='ltr'><strong><em>ἴδιον</em></strong></span> <span class='ocrx_word' id='word_1_7' title='bbox 534 313 691 401; x_wconf 80' lang='grc' dir='ltr'><strong><em>ιῖπηχὴσει</em></strong></span> <span class='ocrx_word' id='word_1_8' title='bbox 713 319 861 404; x_wconf 73' lang='grc' dir='ltr'><strong><em>φθέγμα,</em></strong></span> <span class='ocrx_word' id='word_1_9' title='bbox 895 321 1123 401; x_wconf 53' lang='lat' dir='ltr'><strong>mavimam</strong></span> <span class='ocrx_word' id='word_1_10' title='bbox 1147 315 1294 397; x_wconf 75' lang='grc' dir='ltr'><strong><em>ἅπαντας</em></strong></span> <span class='ocrx_word' id='word_1_11' title='bbox 1313 321 1365 396; x_wconf 73' lang='grc' dir='ltr'><strong>εἷς</strong></span> 
     </span>
     <span class='ocr_line' id='line_1_3' title="bbox 259 413 1365 498; baseline 0.008 -23"><span class='ocrx_word' id='word_1_12' title='bbox 259 413 424 498; x_wconf 72' lang='grc' dir='ltr'><strong><em>εὐφημίαν</em></strong></span> <span class='ocrx_word' id='word_1_13' title='bbox 453 417 516 478; x_wconf 73' lang='grc' dir='ltr'><strong><em>τοῖν</em></strong></span> <span class='ocrx_word' id='word_1_14' title='bbox 550 417 710 480; x_wconf 77' lang='grc' dir='ltr'><em>δεσποτῶν</em></span> <span class='ocrx_word' id='word_1_15' title='bbox 738 417 795 481; x_wconf 80' lang='grc' dir='ltr'><strong><em>καί</em></strong></span> <span class='ocrx_word' id='word_1_16' title='bbox 826 417 885 496; x_wconf 75' lang='grc' dir='ltr'><strong>τὰς</strong></span> <span class='ocrx_word' id='word_1_17' title='bbox 914 418 1042 486; x_wconf 75' lang='grc' dir='ltr'><strong><em>ἑαυτῶν</em></strong></span> <span class='ocrx_word' id='word_1_18' title='bbox 1068 416 1365 486; x_wconf 70' lang='grc' dir='ltr'><strong><em>α’πεκδιδόσκεσθαι</em></strong></span> 
     </span>
     <span class='ocr_line' id='line_1_4' title="bbox 259 507 1362 606; baseline 0.01 -32"><span class='ocrx_word' id='word_1_19' title='bbox 259 512 448 594; x_wconf 80' lang='grc' dir='ltr'><strong><em>χλαμύδας·</em></strong></span> <span class='ocrx_word' id='word_1_20' title='bbox 493 507 574 577; x_wconf 74' lang='grc' dir='ltr'><strong><em>ἄλλό</em></strong></span> <span class='ocrx_word' id='word_1_21' title='bbox 599 515 665 598; x_wconf 77' lang='grc' dir='ltr'><strong><em>μὴν</em></strong></span> <span class='ocrx_word' id='word_1_22' title='bbox 685 515 873 596; x_wconf 24' lang='grc' dir='ltr'><strong><em>καέκδσόκις</em></strong></span> <span class='ocrx_word' id='word_1_23' title='bbox 895 513 935 585; x_wconf 77' lang='grc' dir='ltr'><strong>όν</strong></span> <span class='ocrx_word' id='word_1_24' title='bbox 954 518 992 584; x_wconf 85' lang='grc' dir='ltr'><strong><em>τό</em></strong></span> <span class='ocrx_word' id='word_1_25' title='bbox 1015 519 1171 602; x_wconf 87' lang='grc' dir='ltr'><strong><em>μουσικόν</em></strong></span> <span class='ocrx_word' id='word_1_26' title='bbox 1195 518 1362 606; x_wconf 74' lang='grc' dir='ltr'><strong><em>α’πηχὴσῃ,</em></strong></span> 
     </span>
     <span class='ocr_line' id='line_1_5' title="bbox 260 605 1361 707; baseline 0.008 -33"><span class='ocrx_word' id='word_1_27' title='bbox 260 611 316 676; x_wconf 79' lang='grc' dir='ltr'><strong><em>καί</em></strong></span> <span class='ocrx_word' id='word_1_28' title='bbox 334 607 442 689; x_wconf 79' lang='grc' dir='ltr'><strong><em>ὁσάκις</em></strong></span> <span class='ocrx_word' id='word_1_29' title='bbox 463 605 503 677; x_wconf 77' lang='lat' dir='ltr'><strong>dv</strong></span> <span class='ocrx_word' id='word_1_30' title='bbox 523 613 700 695; x_wconf 79' lang='grc' dir='ltr'><strong><em>θυμελικόν</em></strong></span> <span class='ocrx_word' id='word_1_31' title='bbox 718 641 750 681; x_wconf 95' lang='grc' dir='ltr'><strong><em>τι</em></strong></span> <span class='ocrx_word' id='word_1_32' title='bbox 782 616 861 700; x_wconf 82' lang='grc' dir='ltr'><strong><em>πρὸς</em></strong></span> <span class='ocrx_word' id='word_1_33' title='bbox 886 622 1002 704; x_wconf 78' lang='grc' dir='ltr'><strong><em>τέρψιν</em></strong></span> <span class='ocrx_word' id='word_1_34' title='bbox 1020 622 1191 707; x_wconf 77' lang='grc' dir='ltr'><strong><em>ἐκτελεσθῇ</em></strong></span> <span class='ocrx_word' id='word_1_35' title='bbox 1211 623 1361 705; x_wconf 77' lang='grc' dir='ltr'><strong><em>πρᾶγμα,</em></strong></span> 
     </span>
     <span class='ocr_line' id='line_1_6' title="bbox 260 711 1384 806; baseline 0.006 -31"><span class='ocrx_word' id='word_1_36' title='bbox 260 713 317 775; x_wconf 76' lang='grc' dir='ltr'><strong>καὶ</strong></span> <span class='ocrx_word' id='word_1_37' title='bbox 344 711 437 796; x_wconf 80' lang='grc' dir='ltr'><em>ἡνίκα</em></span> <span class='ocrx_word' id='word_1_38' title='bbox 466 737 499 778; x_wconf 88' lang='grc' dir='ltr'><strong><em>τι</em></strong></span> <span class='ocrx_word' id='word_1_39' title='bbox 523 715 689 800; x_wconf 77' lang='grc' dir='ltr'><strong><em>βρώσιμον</em></strong></span> <span class='ocrx_word' id='word_1_40' title='bbox 718 719 753 782; x_wconf 82' lang='grc' dir='ltr'><strong>ἐκ</strong></span> <span class='ocrx_word' id='word_1_41' title='bbox 774 721 833 801; x_wconf 80' lang='grc' dir='ltr'><strong>τῆς</strong></span> <span class='ocrx_word' id='word_1_42' title='bbox 853 723 1019 803; x_wconf 75' lang='grc' dir='ltr'><strong><em>βασιλικῆς</em></strong></span> <span class='ocrx_word' id='word_1_43' title='bbox 1047 723 1207 806; x_wconf 79' lang='grc' dir='ltr'><strong><em>τραπέζης</em></strong></span> <span class='ocrx_word' id='word_1_44' title='bbox 1227 717 1281 783; x_wconf 73' lang='grc' dir='ltr'><strong>διὰ</strong></span> <span class='ocrx_word' id='word_1_45' title='bbox 1301 720 1384 783; x_wconf 73' lang='grc' dir='ltr'><strong><em>τοῦό</em></strong></span> 
     </span>
     <span class='ocr_line' id='line_1_7' title="bbox 259 814 1364 902; baseline 0.006 -26"><span class='ocrx_word' id='word_1_46' title='bbox 259 815 397 896; x_wconf 80' lang='grc' dir='ltr'><strong><em>τερπνοῦ</em></strong></span> <span class='ocrx_word' id='word_1_47' title='bbox 418 817 611 899; x_wconf 83' lang='grc' dir='ltr'><strong><em>καστρησέου</em></strong></span> <span class='ocrx_word' id='word_1_48' title='bbox 643 814 725 901; x_wconf 82' lang='grc' dir='ltr'><strong><em>πρὸς</em></strong></span> <span class='ocrx_word' id='word_1_49' title='bbox 742 816 818 893; x_wconf 79' lang='grc' dir='ltr'><strong>τούς</strong></span> <span class='ocrx_word' id='word_1_50' title='bbox 846 817 1038 899; x_wconf 77' lang='grc' dir='ltr'><strong><em>δαιτυμόνας</em></strong></span> <span class='ocrx_word' id='word_1_51' title='bbox 1057 817 1364 902; x_wconf 71' lang='grc' dir='ltr'><strong><em>ἐξαποσταλησεταα</em></strong></span> 
     </span>
     <span class='ocr_line' id='line_1_8' title="bbox 260 909 1365 1005; baseline 0.004 -29"><span class='ocrx_word' id='word_1_52' title='bbox 260 911 295 976; x_wconf 78' lang='grc' dir='ltr'><strong>ἑν</strong></span> <span class='ocrx_word' id='word_1_53' title='bbox 316 913 352 976; x_wconf 82' lang='grc' dir='ltr'><strong>δὲ</strong></span> <span class='ocrx_word' id='word_1_54' title='bbox 371 915 409 1000; x_wconf 78' lang='grc' dir='ltr'><strong><em>τῇ</em></strong></span> <span class='ocrx_word' id='word_1_55' title='bbox 432 909 555 978; x_wconf 78' lang='grc' dir='ltr'><strong><em>τούτων</em></strong></span> <span class='ocrx_word' id='word_1_56' title='bbox 576 913 672 1003; x_wconf 66' lang='lat' dir='ltr'><strong>teoto</strong></span> <span class='ocrx_word' id='word_1_57' title='bbox 694 918 747 980; x_wconf 82' lang='grc' dir='ltr'><strong>δεῖ</strong></span> <span class='ocrx_word' id='word_1_58' title='bbox 762 920 934 1002; x_wconf 79' lang='grc' dir='ltr'><strong><em>προσέχειν</em></strong></span> <span class='ocrx_word' id='word_1_59' title='bbox 963 927 1029 993; x_wconf 82' lang='grc' dir='ltr'><strong><em>τοῖς</em></strong></span> <span class='ocrx_word' id='word_1_60' title='bbox 1057 917 1256 1005; x_wconf 76' lang='grc' dir='ltr'><strong><em>ῥαμαΐζουσι</em></strong></span> <span class='ocrx_word' id='word_1_61' title='bbox 1281 921 1365 999; x_wconf 88' lang='grc' dir='ltr'><strong><em>βου-</em></strong></span> 
     </span>
     <span class='ocr_line' id='line_1_9' title="bbox 258 1009 1365 1102; baseline 0.005 -27"><span class='ocrx_word' id='word_1_62' title='bbox 258 1013 384 1098; x_wconf 76' lang='grc' dir='ltr'><strong><em>κολίοις</em></strong></span> <span class='ocrx_word' id='word_1_63' title='bbox 411 1012 467 1076; x_wconf 84' lang='grc' dir='ltr'><strong><em>καί</em></strong></span> <span class='ocrx_word' id='word_1_64' title='bbox 494 1013 556 1078; x_wconf 82' lang='grc' dir='ltr'><strong><em>σόν</em></strong></span> <span class='ocrx_word' id='word_1_65' title='bbox 581 1015 621 1101; x_wconf 82' lang='grc' dir='ltr'><strong><em>τῇ</em></strong></span> <span class='ocrx_word' id='word_1_66' title='bbox 654 1009 762 1081; x_wconf 75' lang='lat' dir='ltr'><strong>adenis</strong></span> <span class='ocrx_word' id='word_1_67' title='bbox 790 1015 970 1102; x_wconf 79' lang='grc' dir='ltr'><strong><em>έκφοονὴσει</em></strong></span> <span class='ocrx_word' id='word_1_68' title='bbox 1001 1019 1170 1102; x_wconf 76' lang='grc' dir='ltr'><strong><em>προσέχειν</em></strong></span> <span class='ocrx_word' id='word_1_69' title='bbox 1190 1014 1227 1080; x_wconf 87' lang='grc' dir='ltr'><strong><em>τό</em></strong></span> <span class='ocrx_word' id='word_1_70' title='bbox 1248 1019 1365 1098; x_wconf 80' lang='grc' dir='ltr'><strong><em>σχῆμα</em></strong></span> 
     </span>
     <span class='ocr_line' id='line_1_10' title="bbox 234 1109 1365 1207; baseline 0.005 -35"><span class='ocrx_word' id='word_1_71' title='bbox 234 1114 322 1174; x_wconf 75' lang='grc' dir='ltr'><strong>Βτοῦ</strong></span> <span class='ocrx_word' id='word_1_72' title='bbox 341 1115 465 1176; x_wconf 80' lang='grc' dir='ltr'><strong><em>κλεινοῦ</em></strong></span> <span class='ocrx_word' id='word_1_73' title='bbox 486 1114 692 1200; x_wconf 77' lang='grc' dir='ltr'><strong><em>καστρησίου,</em></strong></span> <span class='ocrx_word' id='word_1_74' title='bbox 706 1113 763 1180; x_wconf 78' lang='grc' dir='ltr'><strong>καὶ</strong></span> <span class='ocrx_word' id='word_1_75' title='bbox 783 1109 882 1207; x_wconf 64' lang='grc' dir='ltr'><strong><em>αὖθις</em></strong></span> <span class='ocrx_word' id='word_1_76' title='bbox 902 1119 1071 1204; x_wconf 78' lang='grc' dir='ltr'><strong><em>ε’ξανιστᾷν</em></strong></span> <span class='ocrx_word' id='word_1_77' title='bbox 1090 1115 1209 1193; x_wconf 77' lang='grc' dir='ltr'><strong><em>πάντας</em></strong></span> <span class='ocrx_word' id='word_1_78' title='bbox 1221 1113 1365 1190; x_wconf 67' lang='lat' dir='ltr'><strong>rodena-</strong></span> 
     </span>
     <span class='ocr_line' id='line_1_11' title="bbox 258 1212 1410 1300; baseline 0.005 -28"><span class='ocrx_word' id='word_1_79' title='bbox 258 1212 429 1294; x_wconf 85' lang='grc' dir='ltr'><strong><em>κλημένους</em></strong></span> <span class='ocrx_word' id='word_1_80' title='bbox 449 1212 702 1300; x_wconf 83' lang='grc' dir='ltr'><strong><em>χλανιδοφόρους</em></strong></span> <span class='ocrx_word' id='word_1_81' title='bbox 719 1212 773 1280; x_wconf 76' lang='grc' dir='ltr'><strong>διό</strong></span> <span class='ocrx_word' id='word_1_82' title='bbox 794 1219 851 1300; x_wconf 82' lang='grc' dir='ltr'><strong>τῆς</strong></span> <span class='ocrx_word' id='word_1_83' title='bbox 871 1214 1020 1282; x_wconf 75' lang='grc' dir='ltr'><strong><em>ὀπισθίαν</em></strong></span> <span class='ocrx_word' id='word_1_84' title='bbox 1036 1219 1158 1290; x_wconf 75' lang='grc' dir='ltr'><strong><em>θέσεως</em></strong></span> <span class='ocrx_word' id='word_1_85' title='bbox 1176 1218 1238 1281; x_wconf 78' lang='grc' dir='ltr'><strong><em>τῶν</em></strong></span> <span class='ocrx_word' id='word_1_86' title='bbox 1260 1215 1410 1287; x_wconf 69' lang='grc' dir='ltr'><strong><em>τέκνα-ιο</em></strong></span> 
     </span>
     <span class='ocr_line' id='line_1_12' title="bbox 259 1305 1363 1400; baseline 0.007 -28"><span class='ocrx_word' id='word_1_87' title='bbox 259 1310 376 1395; x_wconf 80' lang='grc' dir='ltr'><strong><em>βίοιον,</em></strong></span> <span class='ocrx_word' id='word_1_88' title='bbox 410 1309 467 1376; x_wconf 76' lang='grc' dir='ltr'><strong>καὶ</strong></span> <span class='ocrx_word' id='word_1_89' title='bbox 495 1309 668 1397; x_wconf 73' lang='grc' dir='ltr'><strong><em>ἐπανάγειν</em></strong></span> <span class='ocrx_word' id='word_1_90' title='bbox 692 1309 818 1397; x_wconf 66' lang='lat' dir='ltr'><strong>,adrosis</strong></span> <span class='ocrx_word' id='word_1_91' title='bbox 838 1316 873 1378; x_wconf 75' lang='grc' dir='ltr'><strong>ἐκ</strong></span> <span class='ocrx_word' id='word_1_92' title='bbox 900 1317 964 1380; x_wconf 74' lang='grc' dir='ltr'><strong><em>τοῖν</em></strong></span> <span class='ocrx_word' id='word_1_93' title='bbox 991 1313 1081 1379; x_wconf 79' lang='grc' dir='ltr'><strong><em>κότου</em></strong></span> <span class='ocrx_word' id='word_1_94' title='bbox 1107 1312 1186 1400; x_wconf 85' lang='grc' dir='ltr'><strong><em>πρὸς</em></strong></span> <span class='ocrx_word' id='word_1_95' title='bbox 1211 1313 1272 1400; x_wconf 79' lang='grc' dir='ltr'><strong><em>την</em></strong></span> <span class='ocrx_word' id='word_1_96' title='bbox 1291 1305 1363 1380; x_wconf 73' lang='lat' dir='ltr'><strong>im</strong></span> 
     </span>
     <span class='ocr_line' id='line_1_13' title="bbox 258 1405 1363 1502; baseline 0.005 -29"><span class='ocrx_word' id='word_1_97' title='bbox 258 1412 465 1495; x_wconf 79' lang='grc' dir='ltr'><strong><em>προσωπικῆν</em></strong></span> <span class='ocrx_word' id='word_1_98' title='bbox 484 1407 593 1492; x_wconf 71' lang='grc' dir='ltr'><strong><em>ἔξοδον</em></strong></span> <span class='ocrx_word' id='word_1_99' title='bbox 613 1417 671 1497; x_wconf 77' lang='grc' dir='ltr'><strong>τῆς</strong></span> <span class='ocrx_word' id='word_1_100' title='bbox 694 1405 794 1498; x_wconf 79' lang='grc' dir='ltr'><strong><em>αὖτῆς</em></strong></span> <span class='ocrx_word' id='word_1_101' title='bbox 812 1414 986 1502; x_wconf 87' lang='grc' dir='ltr'><strong><em>περιόδου.</em></strong></span> <span class='ocrx_word' id='word_1_102' title='bbox 1027 1414 1083 1478; x_wconf 77' lang='grc' dir='ltr'><strong>καὶ</strong></span> <span class='ocrx_word' id='word_1_103' title='bbox 1099 1408 1159 1478; x_wconf 71' lang='lat' dir='ltr'><strong>rta&#39;</strong></span> <span class='ocrx_word' id='word_1_104' title='bbox 1181 1408 1281 1490; x_wconf 68' lang='grc' dir='ltr'><strong><em>οὕτως</em></strong></span> <span class='ocrx_word' id='word_1_105' title='bbox 1299 1437 1363 1495; x_wconf 81' lang='grc' dir='ltr'><strong>με·</strong></span> 
     </span>
     <span class='ocr_line' id='line_1_14' title="bbox 113 1507 1365 1599; baseline 0.002 -24"><span class='ocrx_word' id='word_1_106' title='bbox 113 1507 299 1588; x_wconf 66' lang='grc' dir='ltr'><strong><em>Μισαόλιτιὶ</em></strong></span> <span class='ocrx_word' id='word_1_107' title='bbox 320 1507 380 1593; x_wconf 73' lang='grc' dir='ltr'><strong><em>την</em></strong></span> <span class='ocrx_word' id='word_1_108' title='bbox 399 1507 519 1596; x_wconf 75' lang='grc' dir='ltr'><strong><em>τούτων</em></strong></span> <span class='ocrx_word' id='word_1_109' title='bbox 536 1514 659 1578; x_wconf 78' lang='grc' dir='ltr'><strong><em>τελείαν</em></strong></span> <span class='ocrx_word' id='word_1_110' title='bbox 678 1513 849 1580; x_wconf 78' lang='grc' dir='ltr'><strong><em>δπείδυσιν</em></strong></span> <span class='ocrx_word' id='word_1_111' title='bbox 892 1517 950 1580; x_wconf 79' lang='grc' dir='ltr'><strong><em>καί</em></strong></span> <span class='ocrx_word' id='word_1_112' title='bbox 981 1511 1098 1588; x_wconf 77' lang='grc' dir='ltr'><strong><em>αὖτούς</em></strong></span> <span class='ocrx_word' id='word_1_113' title='bbox 1119 1517 1176 1599; x_wconf 75' lang='grc' dir='ltr'><strong>τῆς</strong></span> <span class='ocrx_word' id='word_1_114' title='bbox 1193 1517 1365 1597; x_wconf 77' lang='grc' dir='ltr'><strong><em>βασιλικῆς</em></strong></span> 
     </span>
     <span class='ocr_line' id='line_1_15' title="bbox 256 1607 1365 1700; baseline 0.003 -26"><span class='ocrx_word' id='word_1_115' title='bbox 256 1611 414 1695; x_wconf 77' lang='grc' dir='ltr'><strong><em>τραπέζης</em></strong></span> <span class='ocrx_word' id='word_1_116' title='bbox 436 1607 633 1692; x_wconf 83' lang='grc' dir='ltr'><strong><em>δαιτυμόνας</em></strong></span> <span class='ocrx_word' id='word_1_117' title='bbox 655 1611 788 1696; x_wconf 76' lang='grc' dir='ltr'><strong><em>ἐξάγειν,</em></strong></span> <span class='ocrx_word' id='word_1_118' title='bbox 819 1610 964 1700; x_wconf 83' lang='grc' dir='ltr'><strong><em>δηλονότι</em></strong></span> <span class='ocrx_word' id='word_1_119' title='bbox 995 1616 1269 1699; x_wconf 84' lang='grc' dir='ltr'><strong><em>προπορευομένου</em></strong></span> <span class='ocrx_word' id='word_1_120' title='bbox 1300 1613 1365 1677; x_wconf 80' lang='lat' dir='ltr'><strong>csi-</strong></span> 
     </span>
     <span class='ocr_line' id='line_1_16' title="bbox 258 1711 1409 1797; baseline 0.003 -25"><span class='ocrx_word' id='word_1_121' title='bbox 258 1716 326 1785; x_wconf 87' lang='grc' dir='ltr'><strong><em>τοῐς</em></strong></span> <span class='ocrx_word' id='word_1_122' title='bbox 346 1713 406 1772; x_wconf 79' lang='grc' dir='ltr'><strong><em>τοῦ</em></strong></span> <span class='ocrx_word' id='word_1_123' title='bbox 412 1714 552 1774; x_wconf 75' lang='grc' dir='ltr'><strong><em>’κλεινοῦ</em></strong></span> <span class='ocrx_word' id='word_1_124' title='bbox 570 1711 760 1797; x_wconf 76' lang='grc' dir='ltr'><strong><em>καστρησέου</em></strong></span> <span class='ocrx_word' id='word_1_125' title='bbox 790 1715 846 1797; x_wconf 79' lang='grc' dir='ltr'><strong>τῆς</strong></span> <span class='ocrx_word' id='word_1_126' title='bbox 877 1714 1047 1796; x_wconf 82' lang='grc' dir='ltr'><strong><em>βασιλικῆς</em></strong></span> <span class='ocrx_word' id='word_1_127' title='bbox 1066 1713 1175 1793; x_wconf 84' lang='grc' dir='ltr'><strong><em>τιμέας</em></strong></span> <span class='ocrx_word' id='word_1_128' title='bbox 1193 1712 1409 1796; x_wconf 56' lang='grc' dir='ltr'><strong><em>τραπέζηςηὸ</em></strong></span> 
     </span>
     <span class='ocr_line' id='line_1_17' title="bbox 258 1806 1364 1896; baseline 0.002 -24"><span class='ocrx_word' id='word_1_129' title='bbox 258 1806 314 1872; x_wconf 77' lang='grc' dir='ltr'><strong>ἐπέ</strong></span> <span class='ocrx_word' id='word_1_130' title='bbox 333 1809 369 1872; x_wconf 85' lang='grc' dir='ltr'><strong>δὲ</strong></span> <span class='ocrx_word' id='word_1_131' title='bbox 382 1810 438 1892; x_wconf 87' lang='grc' dir='ltr'><strong>τῆς</strong></span> <span class='ocrx_word' id='word_1_132' title='bbox 458 1811 607 1896; x_wconf 80' lang='grc' dir='ltr'><strong><em>δευτέρας</em></strong></span> <span class='ocrx_word' id='word_1_133' title='bbox 625 1808 746 1896; x_wconf 74' lang='grc' dir='ltr'><strong><em>ἡμέρας</em></strong></span> <span class='ocrx_word' id='word_1_134' title='bbox 757 1813 813 1896; x_wconf 77' lang='grc' dir='ltr'><strong>τῆς</strong></span> <span class='ocrx_word' id='word_1_135' title='bbox 833 1813 1054 1896; x_wconf 79' lang='grc' dir='ltr'><strong><em>πολυσχεδοῦς</em></strong></span> <span class='ocrx_word' id='word_1_136' title='bbox 1069 1812 1183 1895; x_wconf 74' lang='grc' dir='ltr'><strong><em>ταύτης</em></strong></span> <span class='ocrx_word' id='word_1_137' title='bbox 1202 1809 1259 1874; x_wconf 78' lang='grc' dir='ltr'><strong>καὶ</strong></span> <span class='ocrx_word' id='word_1_138' title='bbox 1277 1815 1364 1891; x_wconf 87' lang='grc' dir='ltr'><strong><em>λαμ-</em></strong></span> 
     </span>
     <span class='ocr_line' id='line_1_18' title="bbox 258 1904 1364 1996; baseline 0.003 -24"><span class='ocrx_word' id='word_1_139' title='bbox 258 1909 343 1992; x_wconf 77' lang='grc' dir='ltr'><strong><em>προῖς</em></strong></span> <span class='ocrx_word' id='word_1_140' title='bbox 362 1910 535 1984; x_wconf 85' lang='grc' dir='ltr'><strong><em>πανδεσιάς</em></strong></span> <span class='ocrx_word' id='word_1_141' title='bbox 556 1912 610 1974; x_wconf 82' lang='grc' dir='ltr'><strong>δεῖ</strong></span> <span class='ocrx_word' id='word_1_142' title='bbox 625 1906 710 1994; x_wconf 76' lang='grc' dir='ltr'><strong><em>ἡμᾶς</em></strong></span> <span class='ocrx_word' id='word_1_143' title='bbox 731 1904 929 1996; x_wconf 72' lang='grc' dir='ltr'><strong><em>εὐτρεπίζειν</em></strong></span> <span class='ocrx_word' id='word_1_144' title='bbox 947 1910 994 1983; x_wconf 73' lang='grc' dir='ltr'><strong>εἷς</strong></span> <span class='ocrx_word' id='word_1_145' title='bbox 1017 1906 1212 1994; x_wconf 86' lang='grc' dir='ltr'><strong><em>πρόσκλησιν</em></strong></span> <span class='ocrx_word' id='word_1_146' title='bbox 1229 1911 1287 1993; x_wconf 81' lang='grc' dir='ltr'><strong>τῆς</strong></span> <span class='ocrx_word' id='word_1_147' title='bbox 1305 1914 1364 1990; x_wconf 81' lang='grc' dir='ltr'><strong>βα·</strong></span> 
     </span>
     <span class='ocr_line' id='line_1_19' title="bbox 259 2003 1365 2095; baseline 0.005 -26"><span class='ocrx_word' id='word_1_148' title='bbox 259 2010 382 2091; x_wconf 82' lang='grc' dir='ltr'><strong><em>σιλικῆς</em></strong></span> <span class='ocrx_word' id='word_1_149' title='bbox 401 2011 612 2094; x_wconf 87' lang='grc' dir='ltr'><strong><em>περιβλέπτου</em></strong></span> <span class='ocrx_word' id='word_1_150' title='bbox 632 2012 788 2095; x_wconf 78' lang='grc' dir='ltr'><strong><em>τραπέζης</em></strong></span> <span class='ocrx_word' id='word_1_151' title='bbox 818 2007 938 2090; x_wconf 82' lang='grc' dir='ltr'><strong><em>ὅμοίως</em></strong></span> <span class='ocrx_word' id='word_1_152' title='bbox 968 2008 1179 2094; x_wconf 73' lang='grc' dir='ltr'><strong><em>μοχιλττρους,</em></strong></span> <span class='ocrx_word' id='word_1_153' title='bbox 1212 2003 1365 2075; x_wconf 61' lang='lat' dir='ltr'><strong>dedund-</strong></span> 
     </span>
     <span class='ocr_line' id='line_1_20' title="bbox 232 2104 1366 2195; baseline 0 -22"><span class='ocrx_word' id='word_1_154' title='bbox 232 2121 335 2182; x_wconf 77' lang='grc' dir='ltr'><strong><em>ῦτους</em></strong></span> <span class='ocrx_word' id='word_1_155' title='bbox 357 2110 542 2194; x_wconf 81' lang='grc' dir='ltr'><strong><em>πατρικίους</em></strong></span> <span class='ocrx_word' id='word_1_156' title='bbox 568 2104 794 2195; x_wconf 82' lang='grc' dir='ltr'><strong><em>όφφικιαλέους</em></strong></span> <span class='ocrx_word' id='word_1_157' title='bbox 812 2108 870 2176; x_wconf 73' lang='grc' dir='ltr'><strong>καὶ</strong></span> <span class='ocrx_word' id='word_1_158' title='bbox 897 2105 1074 2182; x_wconf 78' lang='grc' dir='ltr'><strong><em>οἰκειακοδς</em></strong></span> <span class='ocrx_word' id='word_1_159' title='bbox 1092 2109 1366 2195; x_wconf 77' lang='grc' dir='ltr'><strong><em>πρωτοσπαδαρί-</em></strong></span> 
     </span>
     <span class='ocr_line' id='line_1_21' title="bbox 262 2206 1407 2294; baseline -0.004 -22"><span class='ocrx_word' id='word_1_160' title='bbox 262 2231 327 2289; x_wconf 85' lang='grc' dir='ltr'><strong><em>ους,</em></strong></span> <span class='ocrx_word' id='word_1_161' title='bbox 347 2210 404 2273; x_wconf 84' lang='grc' dir='ltr'><strong><em>τόν</em></strong></span> <span class='ocrx_word' id='word_1_162' title='bbox 425 2206 566 2293; x_wconf 78' lang='grc' dir='ltr'><strong><em>α’ριθμόν</em></strong></span> <span class='ocrx_word' id='word_1_163' title='bbox 587 2212 639 2290; x_wconf 82' lang='grc' dir='ltr'><strong><em>ιβ’,</em></strong></span> <span class='ocrx_word' id='word_1_164' title='bbox 661 2210 966 2294; x_wconf 72' lang='grc' dir='ltr'><strong><em>συναριθμουμένου</em></strong></span> <span class='ocrx_word' id='word_1_165' title='bbox 988 2209 1099 2282; x_wconf 75' lang='grc' dir='ltr'><strong><em>αὐτοῖς</em></strong></span> <span class='ocrx_word' id='word_1_166' title='bbox 1114 2210 1280 2292; x_wconf 74' lang='grc' dir='ltr'><strong><em>ἐξαιρέτως</em></strong></span> <span class='ocrx_word' id='word_1_167' title='bbox 1300 2210 1407 2272; x_wconf 76' lang='grc' dir='ltr'><strong><em>τοῦτο</em></strong></span> 
     </span>
     <span class='ocr_line' id='line_1_22' title="bbox 262 2302 1365 2390; baseline 0 -19"><span class='ocrx_word' id='word_1_168' title='bbox 262 2307 450 2389; x_wconf 77' lang='grc' dir='ltr'><strong><em>δομεστίκου</em></strong></span> <span class='ocrx_word' id='word_1_169' title='bbox 478 2310 545 2372; x_wconf 74' lang='grc' dir='ltr'><strong><em>τῶν</em></strong></span> <span class='ocrx_word' id='word_1_170' title='bbox 573 2310 698 2390; x_wconf 78' lang='grc' dir='ltr'><strong><em>σχολῶν</em></strong></span> <span class='ocrx_word' id='word_1_171' title='bbox 728 2308 807 2373; x_wconf 80' lang='grc' dir='ltr'><strong><em>κατὰ</em></strong></span> <span class='ocrx_word' id='word_1_172' title='bbox 839 2302 958 2375; x_wconf 81' lang='grc' dir='ltr'><strong><em>τόπον·</em></strong></span> <span class='ocrx_word' id='word_1_173' title='bbox 999 2303 1137 2390; x_wconf 76' lang='grc' dir='ltr'><strong><em>εἰσάγειν</em></strong></span> <span class='ocrx_word' id='word_1_174' title='bbox 1173 2307 1212 2370; x_wconf 77' lang='grc' dir='ltr'><strong>δὲ</strong></span> <span class='ocrx_word' id='word_1_175' title='bbox 1241 2303 1365 2382; x_wconf 59' lang='lat' dir='ltr'><strong>eante</strong></span> 
     </span>
    </p>
   </div>
   <div class='ocr_carea' id='block_1_3' title="bbox 331 2457 1364 2606">
    <p class='ocr_par' dir='ltr' id='par_1_3' title="bbox 331 2457 1364 2606">
     <span class='ocr_line' id='line_1_23' title="bbox 334 2457 1364 2530; baseline 0 -15"><span class='ocrx_word' id='word_1_176' title='bbox 334 2464 376 2517; x_wconf 84' lang='lat'><strong>13.</strong></span> <span class='ocrx_word' id='word_1_177' title='bbox 394 2457 556 2516; x_wconf 78' lang='grc' dir='ltr'><strong><em>δπέκδυσιν</em></strong></span> <span class='ocrx_word' id='word_1_178' title='bbox 574 2463 620 2517; x_wconf 79' lang='lat' dir='ltr'><strong>vel</strong></span> <span class='ocrx_word' id='word_1_179' title='bbox 640 2460 784 2519; x_wconf 70' lang='grc' dir='ltr'><strong><em>ἀπόλυσιν</em></strong></span> <span class='ocrx_word' id='word_1_180' title='bbox 800 2465 846 2516; x_wconf 82' lang='lat' dir='ltr'><strong>vel</strong></span> <span class='ocrx_word' id='word_1_181' title='bbox 864 2460 1008 2526; x_wconf 77' lang='grc' dir='ltr'><strong><em>δπῆλοαιν</em></strong></span> <span class='ocrx_word' id='word_1_182' title='bbox 1025 2461 1080 2530; x_wconf 83' lang='lat' dir='ltr'><strong>legi</strong></span> <span class='ocrx_word' id='word_1_183' title='bbox 1098 2462 1158 2514; x_wconf 85' lang='lat' dir='ltr'><strong>vult</strong></span> <span class='ocrx_word' id='word_1_184' title='bbox 1175 2461 1206 2520; x_wconf 85' lang='lat' dir='ltr'><strong>li.</strong></span> <span class='ocrx_word' id='word_1_185' title='bbox 1268 2460 1364 2530; x_wconf 60' lang='grc' dir='ltr'><strong><em>ιᾼέξ-</em></strong></span> 
     </span>
     <span class='ocr_line' id='line_1_24' title="bbox 331 2530 1153 2606; baseline 0.006 -21"><span class='ocrx_word' id='word_1_186' title='bbox 331 2532 572 2602; x_wconf 59' lang='lat' dir='ltr'><strong>symmetriarum</strong></span> <span class='ocrx_word' id='word_1_187' title='bbox 592 2536 635 2599; x_wconf 64' lang='lat' dir='ltr'><strong>Po,</strong></span> <span class='ocrx_word' id='word_1_188' title='bbox 654 2534 768 2606; x_wconf 77' lang='grc' dir='ltr'><strong><em>ἐξάγειν</em></strong></span> <span class='ocrx_word' id='word_1_189' title='bbox 787 2532 819 2587; x_wconf 71' lang='grc' dir='ltr'><strong>δὲ</strong></span> <span class='ocrx_word' id='word_1_190' title='bbox 836 2530 968 2599; x_wconf 82' lang='grc' dir='ltr'><strong><em>δηλονότι</em></strong></span> <span class='ocrx_word' id='word_1_191' title='bbox 986 2532 1047 2592; x_wconf 86' lang='lat' dir='ltr'><strong>eod.</strong></span> <span class='ocrx_word' id='word_1_192' title='bbox 1064 2539 1093 2586; x_wconf 86' lang='lat' dir='ltr'><strong>et</strong></span> <span class='ocrx_word' id='word_1_193' title='bbox 1109 2533 1153 2591; x_wconf 85' lang='lat' dir='ltr'><strong>ed.</strong></span> 
     </span>
    </p>
   </div>
   <div class='ocr_carea' id='block_1_4' title="bbox 158 2666 1364 4155">
    <p class='ocr_par' dir='ltr' id='par_1_4' title="bbox 158 2666 1364 4155">
     <span class='ocr_line' id='line_1_25' title="bbox 262 2666 1362 2741; baseline 0 -18"><span class='ocrx_word' id='word_1_194' title='bbox 262 2678 373 2739; x_wconf 79' lang='lat' dir='ltr'><strong>oportet</strong></span> <span class='ocrx_word' id='word_1_195' title='bbox 390 2671 510 2722; x_wconf 88' lang='lat' dir='ltr'><strong>animum</strong></span> <span class='ocrx_word' id='word_1_196' title='bbox 530 2668 673 2723; x_wconf 86' lang='lat' dir='ltr'><strong>attendere</strong></span> <span class='ocrx_word' id='word_1_197' title='bbox 691 2669 726 2722; x_wconf 87' lang='lat' dir='ltr'><strong>ad</strong></span> <span class='ocrx_word' id='word_1_198' title='bbox 746 2671 865 2723; x_wconf 89' lang='lat' dir='ltr'><strong>musicos</strong></span> <span class='ocrx_word' id='word_1_199' title='bbox 893 2678 1007 2733; x_wconf 88' lang='lat' dir='ltr'><strong>cantus,</strong></span> <span class='ocrx_word' id='word_1_200' title='bbox 1027 2678 1056 2723; x_wconf 88' lang='lat' dir='ltr'><strong>et</strong></span> <span class='ocrx_word' id='word_1_201' title='bbox 1080 2666 1192 2741; x_wconf 85' lang='lat' dir='ltr'><strong>quando</strong></span> <span class='ocrx_word' id='word_1_202' title='bbox 1212 2668 1362 2738; x_wconf 84' lang='lat' dir='ltr'><strong>peculiaris</strong></span> 
     </span>
     <span class='ocr_line' id='line_1_26' title="bbox 158 2740 1363 2812; baseline 0 -18"><span class='ocrx_word' id='word_1_203' title='bbox 158 2740 159 2743; x_wconf 65' lang='grc'>’</span> <span class='ocrx_word' id='word_1_204' title='bbox 260 2742 292 2794; x_wconf 91' lang='lat' dir='ltr'><strong>id</strong></span> <span class='ocrx_word' id='word_1_205' title='bbox 311 2740 465 2811; x_wconf 81' lang='lat' dir='ltr'><strong>significans</strong></span> <span class='ocrx_word' id='word_1_206' title='bbox 483 2748 567 2812; x_wconf 87' lang='lat' dir='ltr'><strong>atque</strong></span> <span class='ocrx_word' id='word_1_207' title='bbox 585 2756 699 2793; x_wconf 84' lang='lat' dir='ltr'><strong>monens</strong></span> <span class='ocrx_word' id='word_1_208' title='bbox 717 2746 799 2793; x_wconf 84' lang='lat' dir='ltr'><strong>tonus</strong></span> <span class='ocrx_word' id='word_1_209' title='bbox 820 2743 990 2803; x_wconf 85' lang='lat' dir='ltr'><strong>insonuerit,</strong></span> <span class='ocrx_word' id='word_1_210' title='bbox 1009 2748 1120 2809; x_wconf 78' lang='lat' dir='ltr'><strong>oportet</strong></span> <span class='ocrx_word' id='word_1_211' title='bbox 1135 2756 1231 2793; x_wconf 87' lang='lat' dir='ltr'><strong>omnes</strong></span> <span class='ocrx_word' id='word_1_212' title='bbox 1247 2756 1363 2811; x_wconf 75' lang='lat' dir='ltr'><strong>surgere</strong></span> 
     </span>
     <span class='ocr_line' id='line_1_27' title="bbox 262 2810 1364 2882; baseline 0.002 -21"><span class='ocrx_word' id='word_1_213' title='bbox 262 2812 298 2863; x_wconf 87' lang='lat' dir='ltr'><strong>ad</strong></span> <span class='ocrx_word' id='word_1_214' title='bbox 321 2812 447 2863; x_wconf 85' lang='lat' dir='ltr'><strong>Dominis</strong></span> <span class='ocrx_word' id='word_1_215' title='bbox 475 2810 698 2864; x_wconf 80' lang='lat' dir='ltr'><strong>benedicendum</strong></span> <span class='ocrx_word' id='word_1_216' title='bbox 716 2828 835 2882; x_wconf 85' lang='lat' dir='ltr'><strong>suasque</strong></span> <span class='ocrx_word' id='word_1_217' title='bbox 854 2810 1010 2879; x_wconf 80' lang='lat' dir='ltr'><strong>chlamydes</strong></span> <span class='ocrx_word' id='word_1_218' title='bbox 1035 2826 1155 2877; x_wconf 76' lang='lat' dir='ltr'><strong>exuere3</strong></span> <span class='ocrx_word' id='word_1_219' title='bbox 1184 2827 1303 2882; x_wconf 86' lang='lat' dir='ltr'><strong>quorum</strong></span> <span class='ocrx_word' id='word_1_220' title='bbox 1324 2812 1364 2863; x_wconf 86' lang='lat' dir='ltr'><strong>il·</strong></span> 
     </span>
     <span class='ocr_line' id='line_1_28' title="bbox 260 2880 1362 2951; baseline -0.003 -16"><span class='ocrx_word' id='word_1_221' title='bbox 260 2881 310 2935; x_wconf 92' lang='lat' dir='ltr'><strong>lud</strong></span> <span class='ocrx_word' id='word_1_222' title='bbox 330 2884 414 2934; x_wconf 86' lang='lat' dir='ltr'><strong>etiam</strong></span> <span class='ocrx_word' id='word_1_223' title='bbox 439 2884 529 2951; x_wconf 91' lang='lat' dir='ltr'><strong>repeti</strong></span> <span class='ocrx_word' id='word_1_224' title='bbox 548 2880 651 2945; x_wconf 88' lang='lat' dir='ltr'><strong>dehet,</strong></span> <span class='ocrx_word' id='word_1_225' title='bbox 679 2883 790 2951; x_wconf 88' lang='lat' dir='ltr'><strong>quoties</strong></span> <span class='ocrx_word' id='word_1_226' title='bbox 811 2883 911 2935; x_wconf 87' lang='lat' dir='ltr'><strong>musici</strong></span> <span class='ocrx_word' id='word_1_227' title='bbox 933 2883 1110 2935; x_wconf 88' lang='lat' dir='ltr'><strong>insonuerint</strong></span> <span class='ocrx_word' id='word_1_228' title='bbox 1136 2889 1166 2933; x_wconf 89' lang='lat' dir='ltr'><strong>et</strong></span> <span class='ocrx_word' id='word_1_229' title='bbox 1184 2882 1297 2951; x_wconf 89' lang='lat' dir='ltr'><strong>quoties</strong></span> <span class='ocrx_word' id='word_1_230' title='bbox 1314 2882 1362 2932; x_wconf 91' lang='lat' dir='ltr'><strong>ln-</strong></span> 
     </span>
     <span class='ocr_line' id='line_1_29' title="bbox 261 2950 1362 3023; baseline -0.001 -18"><span class='ocrx_word' id='word_1_231' title='bbox 261 2952 368 3005; x_wconf 85' lang='lat' dir='ltr'><strong>dicrum</strong></span> <span class='ocrx_word' id='word_1_232' title='bbox 389 2952 504 3023; x_wconf 77' lang='lat' dir='ltr'><strong>aliquod</strong></span> <span class='ocrx_word' id='word_1_233' title='bbox 530 2952 691 3005; x_wconf 77' lang='lat' dir='ltr'><strong>exercitium</strong></span> <span class='ocrx_word' id='word_1_234' title='bbox 714 2963 875 3023; x_wconf 74' lang='lat' dir='ltr'><strong>peragatur,</strong></span> <span class='ocrx_word' id='word_1_235' title='bbox 899 2953 967 3005; x_wconf 88' lang='lat' dir='ltr'><strong>item</strong></span> <span class='ocrx_word' id='word_1_236' title='bbox 989 2950 1100 3022; x_wconf 81' lang='lat' dir='ltr'><strong>quando</strong></span> <span class='ocrx_word' id='word_1_237' title='bbox 1123 2950 1226 3018; x_wconf 86' lang='lat' dir='ltr'><strong>dapum</strong></span> <span class='ocrx_word' id='word_1_238' title='bbox 1249 2952 1362 3022; x_wconf 76' lang='lat' dir='ltr'><strong>aliquid</strong></span> 
     </span>
     <span class='ocr_line' id='line_1_30' title="bbox 262 3022 1362 3091; baseline 0 -16"><span class='ocrx_word' id='word_1_239' title='bbox 262 3040 278 3075; x_wconf 92' lang='lat' dir='ltr'><strong>e</strong></span> <span class='ocrx_word' id='word_1_240' title='bbox 301 3040 377 3075; x_wconf 84' lang='lat' dir='ltr'><strong>sacra</strong></span> <span class='ocrx_word' id='word_1_241' title='bbox 396 3039 490 3075; x_wconf 89' lang='lat' dir='ltr'><strong>mensa</strong></span> <span class='ocrx_word' id='word_1_242' title='bbox 511 3038 559 3091; x_wconf 88' lang='lat' dir='ltr'><strong>per</strong></span> <span class='ocrx_word' id='word_1_243' title='bbox 583 3022 734 3075; x_wconf 90' lang='lat' dir='ltr'><strong>iucundum</strong></span> <span class='ocrx_word' id='word_1_244' title='bbox 754 3033 919 3075; x_wconf 86' lang='lat' dir='ltr'><strong>castrensem</strong></span> <span class='ocrx_word' id='word_1_245' title='bbox 935 3022 1108 3075; x_wconf 84' lang='lat' dir='ltr'><strong>adeonviras</strong></span> <span class='ocrx_word' id='word_1_246' title='bbox 1139 3022 1290 3074; x_wconf 84' lang='lat' dir='ltr'><strong>emittatur.</strong></span> <span class='ocrx_word' id='word_1_247' title='bbox 1326 3024 1362 3075; x_wconf 88' lang='lat' dir='ltr'><strong>In</strong></span> 
     </span>
     <span class='ocr_line' id='line_1_31' title="bbox 261 3090 1363 3166; baseline -0.004 -19"><span class='ocrx_word' id='word_1_248' title='bbox 261 3094 362 3147; x_wconf 88' lang='lat' dir='ltr'><strong>horum</strong></span> <span class='ocrx_word' id='word_1_249' title='bbox 384 3104 476 3146; x_wconf 89' lang='lat' dir='ltr'><strong>autem</strong></span> <span class='ocrx_word' id='word_1_250' title='bbox 499 3091 676 3165; x_wconf 88' lang='lat' dir='ltr'><strong>[musicorum</strong></span> <span class='ocrx_word' id='word_1_251' title='bbox 695 3101 724 3147; x_wconf 89' lang='lat' dir='ltr'><strong>et</strong></span> <span class='ocrx_word' id='word_1_252' title='bbox 747 3092 969 3166; x_wconf 80' lang='lat' dir='ltr'><strong>thymelicorum]</strong></span> <span class='ocrx_word' id='word_1_253' title='bbox 996 3094 1074 3143; x_wconf 81' lang='lat' dir='ltr'><strong>exitu</strong></span> <span class='ocrx_word' id='word_1_254' title='bbox 1098 3099 1210 3160; x_wconf 84' lang='lat' dir='ltr'><strong>oportet</strong></span> <span class='ocrx_word' id='word_1_255' title='bbox 1233 3090 1295 3165; x_wconf 86' lang='lat' dir='ltr'><strong>[nos</strong></span> <span class='ocrx_word' id='word_1_256' title='bbox 1313 3109 1363 3143; x_wconf 84' lang='lat' dir='ltr'><strong>ar-</strong></span> 
     </span>
     <span class='ocr_line' id='line_1_32' title="bbox 260 3162 1361 3235; baseline 0 -18"><span class='ocrx_word' id='word_1_257' title='bbox 260 3162 390 3235; x_wconf 87' lang='lat' dir='ltr'><strong>toclinas]</strong></span> <span class='ocrx_word' id='word_1_258' title='bbox 410 3164 446 3215; x_wconf 83' lang='lat' dir='ltr'><strong>ad</strong></span> <span class='ocrx_word' id='word_1_259' title='bbox 465 3164 574 3215; x_wconf 85' lang='lat' dir='ltr'><strong>vocales</strong></span> <span class='ocrx_word' id='word_1_260' title='bbox 590 3164 725 3228; x_wconf 86' lang='lat' dir='ltr'><strong>musicos,</strong></span> <span class='ocrx_word' id='word_1_261' title='bbox 744 3166 864 3217; x_wconf 83' lang='lat' dir='ltr'><strong>Romane</strong></span> <span class='ocrx_word' id='word_1_262' title='bbox 887 3164 933 3215; x_wconf 77' lang='lat' dir='ltr'><strong>vel</strong></span> <span class='ocrx_word' id='word_1_263' title='bbox 948 3163 1048 3215; x_wconf 81' lang='lat' dir='ltr'><strong>Latine</strong></span> <span class='ocrx_word' id='word_1_264' title='bbox 1065 3163 1227 3231; x_wconf 89' lang='lat' dir='ltr'><strong>loquentes,</strong></span> <span class='ocrx_word' id='word_1_265' title='bbox 1249 3171 1289 3227; x_wconf 91' lang='lat' dir='ltr'><strong>et,</strong></span> <span class='ocrx_word' id='word_1_266' title='bbox 1299 3162 1361 3217; x_wconf 85' lang='lat' dir='ltr'><strong>illis</strong></span> 
     </span>
     <span class='ocr_line' id='line_1_33' title="bbox 262 3232 1362 3305; baseline -0.001 -18"><span class='ocrx_word' id='word_1_267' title='bbox 262 3235 493 3297; x_wconf 78' lang='lat' dir='ltr'><strong>exclamantibus,</strong></span> <span class='ocrx_word' id='word_1_268' title='bbox 518 3236 599 3286; x_wconf 85' lang='lat' dir='ltr'><strong>simul</strong></span> <span class='ocrx_word' id='word_1_269' title='bbox 616 3234 651 3287; x_wconf 90' lang='lat' dir='ltr'><strong>ad</strong></span> <span class='ocrx_word' id='word_1_270' title='bbox 669 3244 776 3305; x_wconf 83' lang='lat' dir='ltr'><strong>gestum</strong></span> <span class='ocrx_word' id='word_1_271' title='bbox 796 3235 941 3286; x_wconf 69' lang='lat' dir='ltr'><strong>clarissimi</strong></span> <span class='ocrx_word' id='word_1_272' title='bbox 958 3232 1103 3287; x_wconf 83' lang='lat' dir='ltr'><strong>castrensis</strong></span> <span class='ocrx_word' id='word_1_273' title='bbox 1124 3232 1283 3296; x_wconf 80' lang='lat' dir='ltr'><strong>attendere,</strong></span> <span class='ocrx_word' id='word_1_274' title='bbox 1307 3248 1362 3286; x_wconf 86' lang='lat' dir='ltr'><strong>eo·</strong></span> 
     </span>
     <span class='ocr_line' id='line_1_34' title="bbox 262 3303 1359 3376; baseline 0.002 -21"><span class='ocrx_word' id='word_1_275' title='bbox 262 3321 317 3376; x_wconf 85' lang='lat' dir='ltr'><strong>quc</strong></span> <span class='ocrx_word' id='word_1_276' title='bbox 337 3304 429 3368; x_wconf 87' lang='lat' dir='ltr'><strong>edito,</strong></span> <span class='ocrx_word' id='word_1_277' title='bbox 452 3306 578 3357; x_wconf 84' lang='lat' dir='ltr'><strong>convivas</strong></span> <span class='ocrx_word' id='word_1_278' title='bbox 599 3305 682 3357; x_wconf 89' lang='lat' dir='ltr'><strong>simul</strong></span> <span class='ocrx_word' id='word_1_279' title='bbox 699 3322 794 3360; x_wconf 91' lang='lat' dir='ltr'><strong>omnes</strong></span> <span class='ocrx_word' id='word_1_280' title='bbox 812 3321 956 3376; x_wconf 73' lang='lat' dir='ltr'><strong>exsurgere</strong></span> <span class='ocrx_word' id='word_1_281' title='bbox 974 3303 1071 3356; x_wconf 91' lang='lat' dir='ltr'><strong>iubere</strong></span> <span class='ocrx_word' id='word_1_282' title='bbox 1092 3311 1175 3372; x_wconf 85' lang='lat' dir='ltr'><strong>atque</strong></span> <span class='ocrx_word' id='word_1_283' title='bbox 1190 3303 1308 3357; x_wconf 80' lang='lat' dir='ltr'><strong>educere</strong></span> <span class='ocrx_word' id='word_1_284' title='bbox 1326 3305 1359 3357; x_wconf 84' lang='lat' dir='ltr'><strong>in</strong></span> 
     </span>
     <span class='ocr_line' id='line_1_35' title="bbox 260 3372 1361 3445; baseline -0.004 -16"><span class='ocrx_word' id='word_1_285' title='bbox 260 3380 318 3429; x_wconf 86' lang='lat' dir='ltr'><strong>suis</strong></span> <span class='ocrx_word' id='word_1_286' title='bbox 337 3378 438 3429; x_wconf 85' lang='lat' dir='ltr'><strong>tunicis</strong></span> <span class='ocrx_word' id='word_1_287' title='bbox 464 3393 515 3445; x_wconf 89' lang='lat' dir='ltr'><strong>per</strong></span> <span class='ocrx_word' id='word_1_288' title='bbox 543 3378 677 3445; x_wconf 87' lang='lat' dir='ltr'><strong>posticam</strong></span> <span class='ocrx_word' id='word_1_289' title='bbox 707 3376 876 3445; x_wconf 75' lang='lat' dir='ltr'><strong>positionem</strong></span> <span class='ocrx_word' id='word_1_290' title='bbox 911 3376 956 3426; x_wconf 88' lang='lat' dir='ltr'><strong>vel</strong></span> <span class='ocrx_word' id='word_1_291' title='bbox 980 3384 1085 3443; x_wconf 87' lang='lat' dir='ltr'><strong>partem</strong></span> <span class='ocrx_word' id='word_1_292' title='bbox 1109 3372 1306 3434; x_wconf 83' lang='lat' dir='ltr'><strong>accubituum,</strong></span> <span class='ocrx_word' id='word_1_293' title='bbox 1327 3382 1361 3426; x_wconf 88' lang='lat' dir='ltr'><strong>et</strong></span> 
     </span>
     <span class='ocr_line' id='line_1_36' title="bbox 259 3445 1361 3515; baseline -0.001 -17"><span class='ocrx_word' id='word_1_294' title='bbox 259 3446 391 3499; x_wconf 87' lang='lat' dir='ltr'><strong>reducere</strong></span> <span class='ocrx_word' id='word_1_295' title='bbox 409 3464 456 3499; x_wconf 89' lang='lat' dir='ltr'><strong>eos</strong></span> <span class='ocrx_word' id='word_1_296' title='bbox 475 3463 510 3498; x_wconf 81' lang='lat' dir='ltr'><strong>ex</strong></span> <span class='ocrx_word' id='word_1_297' title='bbox 527 3446 748 3499; x_wconf 79' lang='lat' dir='ltr'><strong>inferioribusad</strong></span> <span class='ocrx_word' id='word_1_298' title='bbox 757 3447 927 3515; x_wconf 84' lang='lat' dir='ltr'><strong>superiorem</strong></span> <span class='ocrx_word' id='word_1_299' title='bbox 935 3445 1113 3515; x_wconf 86' lang='lat' dir='ltr'><strong>conspicuum</strong></span> <span class='ocrx_word' id='word_1_300' title='bbox 1130 3460 1179 3496; x_wconf 88' lang='lat' dir='ltr'><strong>seu</strong></span> <span class='ocrx_word' id='word_1_301' title='bbox 1199 3445 1274 3511; x_wconf 81' lang='lat' dir='ltr'><strong>regio</strong></span> <span class='ocrx_word' id='word_1_302' title='bbox 1291 3460 1361 3497; x_wconf 81' lang='grc' dir='ltr'><strong><em>ωτι-</em></strong></span> 
     </span>
     <span class='ocr_line' id='line_1_37' title="bbox 259 3514 1360 3587; baseline -0.002 -18"><span class='ocrx_word' id='word_1_303' title='bbox 259 3520 367 3585; x_wconf 83' lang='lat' dir='ltr'><strong>spectui</strong></span> <span class='ocrx_word' id='word_1_304' title='bbox 385 3520 540 3587; x_wconf 81' lang='lat' dir='ltr'><strong>expositum</strong></span> <span class='ocrx_word' id='word_1_305' title='bbox 562 3520 666 3570; x_wconf 81' lang='lat' dir='ltr'><strong>exitum</strong></span> <span class='ocrx_word' id='word_1_306' title='bbox 680 3516 804 3570; x_wconf 86' lang='lat' dir='ltr'><strong>eiusdem</strong></span> <span class='ocrx_word' id='word_1_307' title='bbox 817 3518 926 3586; x_wconf 87' lang='lat' dir='ltr'><strong>periodi</strong></span> <span class='ocrx_word' id='word_1_308' title='bbox 942 3517 987 3570; x_wconf 82' lang='lat' dir='ltr'><strong>vel</strong></span> <span class='ocrx_word' id='word_1_309' title='bbox 999 3516 1086 3585; x_wconf 82' lang='lat' dir='ltr'><strong>partis</strong></span> <span class='ocrx_word' id='word_1_310' title='bbox 1102 3514 1228 3578; x_wconf 85' lang='lat' dir='ltr'><strong>triclinii,</strong></span> <span class='ocrx_word' id='word_1_311' title='bbox 1242 3518 1360 3567; x_wconf 85' lang='lat' dir='ltr'><strong>ceteris·</strong></span> 
     </span>
     <span class='ocr_line' id='line_1_38' title="bbox 259 3585 1359 3659; baseline -0.001 -20"><span class='ocrx_word' id='word_1_312' title='bbox 259 3588 448 3659; x_wconf 81' lang='lat' dir='ltr'><strong>quedigressis</strong></span> <span class='ocrx_word' id='word_1_313' title='bbox 457 3590 496 3641; x_wconf 87' lang='lat' dir='ltr'><strong>sic</strong></span> <span class='ocrx_word' id='word_1_314' title='bbox 507 3588 619 3641; x_wconf 84' lang='lat' dir='ltr'><strong>tandem</strong></span> <span class='ocrx_word' id='word_1_315' title='bbox 630 3596 659 3641; x_wconf 88' lang='lat' dir='ltr'><strong>et</strong></span> <span class='ocrx_word' id='word_1_316' title='bbox 670 3604 878 3641; x_wconf 84' lang='lat' dir='ltr'><strong>sacraemensae</strong></span> <span class='ocrx_word' id='word_1_317' title='bbox 891 3588 1017 3640; x_wconf 83' lang='lat' dir='ltr'><strong>convivas</strong></span> <span class='ocrx_word' id='word_1_318' title='bbox 1030 3588 1166 3649; x_wconf 85' lang='lat' dir='ltr'><strong>emittere,</strong></span> <span class='ocrx_word' id='word_1_319' title='bbox 1174 3585 1359 3655; x_wconf 71' lang='lat' dir='ltr'><strong>praecedente</strong></span> 
     </span>
     <span class='ocr_line' id='line_1_39' title="bbox 260 3654 1360 3728; baseline 0 -19"><span class='ocrx_word' id='word_1_320' title='bbox 260 3659 411 3713; x_wconf 87' lang='lat' dir='ltr'><strong>clarissimo</strong></span> <span class='ocrx_word' id='word_1_321' title='bbox 435 3669 571 3713; x_wconf 84' lang='lat' dir='ltr'><strong>castrense</strong></span> <span class='ocrx_word' id='word_1_322' title='bbox 587 3658 752 3711; x_wconf 84' lang='lat' dir='ltr'><strong>venerabilis</strong></span> <span class='ocrx_word' id='word_1_323' title='bbox 769 3670 881 3711; x_wconf 80' lang='lat' dir='ltr'><strong>mensae</strong></span> <span class='ocrx_word' id='word_1_324' title='bbox 899 3657 1059 3728; x_wconf 85' lang='lat' dir='ltr'><strong>imperialis.</strong></span> <span class='ocrx_word' id='word_1_325' title='bbox 1094 3656 1188 3709; x_wconf 77' lang='lat' dir='ltr'><strong>Altero</strong></span> <span class='ocrx_word' id='word_1_326' title='bbox 1198 3664 1291 3708; x_wconf 89' lang='lat' dir='ltr'><strong>autem</strong></span> <span class='ocrx_word' id='word_1_327' title='bbox 1310 3654 1360 3709; x_wconf 85' lang='lat' dir='ltr'><strong>dic</strong></span> 
     </span>
     <span class='ocr_line' id='line_1_40' title="bbox 258 3725 1359 3800; baseline -0.001 -20"><span class='ocrx_word' id='word_1_328' title='bbox 258 3730 433 3793; x_wconf 80' lang='lat' dir='ltr'><strong>multifidae,</strong></span> <span class='ocrx_word' id='word_1_329' title='bbox 456 3730 486 3783; x_wconf 90' lang='lat' dir='ltr'><strong>id</strong></span> <span class='ocrx_word' id='word_1_330' title='bbox 508 3736 550 3781; x_wconf 85' lang='lat' dir='ltr'><strong>cst</strong></span> <span class='ocrx_word' id='word_1_331' title='bbox 566 3737 610 3781; x_wconf 92' lang='lat' dir='ltr'><strong>tot</strong></span> <span class='ocrx_word' id='word_1_332' title='bbox 627 3746 678 3798; x_wconf 89' lang='lat' dir='ltr'><strong>per</strong></span> <span class='ocrx_word' id='word_1_333' title='bbox 701 3729 760 3783; x_wconf 90' lang='lat' dir='ltr'><strong>dies</strong></span> <span class='ocrx_word' id='word_1_334' title='bbox 780 3729 895 3782; x_wconf 85' lang='lat' dir='ltr'><strong>iteratae</strong></span> <span class='ocrx_word' id='word_1_335' title='bbox 914 3739 944 3783; x_wconf 88' lang='lat' dir='ltr'><strong>et</strong></span> <span class='ocrx_word' id='word_1_336' title='bbox 965 3730 1045 3800; x_wconf 87' lang='lat' dir='ltr'><strong>quasi</strong></span> <span class='ocrx_word' id='word_1_337' title='bbox 1062 3725 1243 3795; x_wconf 86' lang='lat' dir='ltr'><strong>dispertitae,</strong></span> <span class='ocrx_word' id='word_1_338' title='bbox 1261 3729 1359 3797; x_wconf 90' lang='lat' dir='ltr'><strong>splen-</strong></span> 
     </span>
     <span class='ocr_line' id='line_1_41' title="bbox 257 3798 1356 3873; baseline -0.001 -22"><span class='ocrx_word' id='word_1_339' title='bbox 257 3799 397 3873; x_wconf 83' lang='lat' dir='ltr'><strong>didaeque</strong></span> <span class='ocrx_word' id='word_1_340' title='bbox 416 3800 579 3853; x_wconf 85' lang='lat' dir='ltr'><strong>universalis</strong></span> <span class='ocrx_word' id='word_1_341' title='bbox 599 3800 799 3854; x_wconf 85' lang='lat' dir='ltr'><strong>convivationis</strong></span> <span class='ocrx_word' id='word_1_342' title='bbox 822 3807 948 3870; x_wconf 88' lang='lat' dir='ltr'><strong>oportet,</strong></span> <span class='ocrx_word' id='word_1_343' title='bbox 975 3807 1008 3852; x_wconf 89' lang='lat' dir='ltr'><strong>ut</strong></span> <span class='ocrx_word' id='word_1_344' title='bbox 1032 3798 1162 3851; x_wconf 79' lang='lat' dir='ltr'><strong>invitatos</strong></span> <span class='ocrx_word' id='word_1_345' title='bbox 1193 3806 1223 3849; x_wconf 92' lang='lat' dir='ltr'><strong>et</strong></span> <span class='ocrx_word' id='word_1_346' title='bbox 1244 3808 1356 3866; x_wconf 85' lang='lat' dir='ltr'><strong>paratos</strong></span> 
     </span>
     <span class='ocr_line' id='line_1_42' title="bbox 256 3868 1356 3942; baseline 0 -22"><span class='ocrx_word' id='word_1_347' title='bbox 256 3872 292 3923; x_wconf 89' lang='lat' dir='ltr'><strong>ad</strong></span> <span class='ocrx_word' id='word_1_348' title='bbox 310 3872 529 3925; x_wconf 87' lang='lat' dir='ltr'><strong>communionem</strong></span> <span class='ocrx_word' id='word_1_349' title='bbox 556 3869 741 3942; x_wconf 85' lang='lat' dir='ltr'><strong>urrdcquaque</strong></span> <span class='ocrx_word' id='word_1_350' title='bbox 766 3870 927 3940; x_wconf 86' lang='lat' dir='ltr'><strong>spectabilis</strong></span> <span class='ocrx_word' id='word_1_351' title='bbox 952 3886 1044 3923; x_wconf 87' lang='lat' dir='ltr'><strong>sacrae</strong></span> <span class='ocrx_word' id='word_1_352' title='bbox 1065 3884 1176 3921; x_wconf 87' lang='lat' dir='ltr'><strong>mensae</strong></span> <span class='ocrx_word' id='word_1_353' title='bbox 1203 3868 1356 3921; x_wconf 85' lang='lat' dir='ltr'><strong>habeamus</strong></span> 
     </span>
     <span class='ocr_line' id='line_1_43' title="bbox 211 3937 1360 4023; baseline 0.001 -33"><span class='ocrx_word' id='word_1_354' title='bbox 211 3970 214 3979; x_wconf 86' lang='lat'><em>·</em></span> <span class='ocrx_word' id='word_1_355' title='bbox 256 3957 306 3991; x_wconf 89' lang='lat' dir='ltr'><strong>suo</strong></span> <span class='ocrx_word' id='word_1_356' title='bbox 325 3950 449 4010; x_wconf 88' lang='lat' dir='ltr'><strong>tempore</strong></span> <span class='ocrx_word' id='word_1_357' title='bbox 469 3940 641 3995; x_wconf 85' lang='lat' dir='ltr'><strong>advocandos</strong></span> <span class='ocrx_word' id='word_1_358' title='bbox 658 3942 802 4013; x_wconf 81' lang='lat' dir='ltr'><strong>magistros</strong></span> <span class='ocrx_word' id='word_1_359' title='bbox 822 3943 934 4006; x_wconf 86' lang='lat' dir='ltr'><strong>iterum,</strong></span> <span class='ocrx_word' id='word_1_360' title='bbox 950 3950 982 3994; x_wconf 88' lang='lat' dir='ltr'><strong>ut</strong></span> <span class='ocrx_word' id='word_1_361' title='bbox 1003 3941 1146 4023; x_wconf 87' lang='lat' dir='ltr'><strong>superiore</strong></span> <span class='ocrx_word' id='word_1_362' title='bbox 1154 3937 1215 4002; x_wconf 89' lang='lat' dir='ltr'><strong>die,</strong></span> <span class='ocrx_word' id='word_1_363' title='bbox 1235 3955 1360 4009; x_wconf 81' lang='lat' dir='ltr'><strong>procon-</strong></span> 
     </span>
     <span class='ocr_line' id='line_1_44' title="bbox 255 4011 1359 4083; baseline 0.001 -24"><span class='ocrx_word' id='word_1_364' title='bbox 255 4012 328 4063; x_wconf 83' lang='lat' dir='ltr'><strong>sules</strong></span> <span class='ocrx_word' id='word_1_365' title='bbox 347 4014 477 4081; x_wconf 88' lang='lat' dir='ltr'><strong>patricios</strong></span> <span class='ocrx_word' id='word_1_366' title='bbox 499 4011 645 4075; x_wconf 87' lang='lat' dir='ltr'><strong>olliciales,</strong></span> <span class='ocrx_word' id='word_1_367' title='bbox 670 4013 820 4066; x_wconf 78' lang='lat' dir='ltr'><strong>familiares</strong></span> <span class='ocrx_word' id='word_1_368' title='bbox 839 4013 1084 4083; x_wconf 81' lang='lat' dir='ltr'><strong>protospatharios,</strong></span> <span class='ocrx_word' id='word_1_369' title='bbox 1104 4028 1220 4063; x_wconf 88' lang='lat' dir='ltr'><strong>numero</strong></span> <span class='ocrx_word' id='word_1_370' title='bbox 1239 4012 1269 4063; x_wconf 89' lang='lat' dir='ltr'><strong>in</strong></span> <span class='ocrx_word' id='word_1_371' title='bbox 1288 4011 1359 4062; x_wconf 87' lang='lat' dir='ltr'><strong>uni·</strong></span> 
     </span>
     <span class='ocr_line' id='line_1_45' title="bbox 254 4081 1357 4155; baseline -0.003 -16"><span class='ocrx_word' id='word_1_372' title='bbox 254 4098 362 4139; x_wconf 77' lang='lat' dir='ltr'><strong>versum</strong></span> <span class='ocrx_word' id='word_1_373' title='bbox 383 4082 546 4153; x_wconf 71' lang='lat' dir='ltr'><strong>duodecin,</strong></span> <span class='ocrx_word' id='word_1_374' title='bbox 572 4100 690 4155; x_wconf 87' lang='lat' dir='ltr'><strong>quorum</strong></span> <span class='ocrx_word' id='word_1_375' title='bbox 708 4101 779 4139; x_wconf 89' lang='lat' dir='ltr'><strong>uuus</strong></span> <span class='ocrx_word' id='word_1_376' title='bbox 803 4101 836 4139; x_wconf 87' lang='lat' dir='ltr'><strong>oo</strong></span> <span class='ocrx_word' id='word_1_377' title='bbox 858 4083 904 4138; x_wconf 91' lang='lat' dir='ltr'><strong>die</strong></span> <span class='ocrx_word' id='word_1_378' title='bbox 931 4102 965 4138; x_wconf 84' lang='lat' dir='ltr'><strong>ea</strong></span> <span class='ocrx_word' id='word_1_379' title='bbox 986 4082 1107 4139; x_wconf 78' lang='lat' dir='ltr'><strong>formula</strong></span> <span class='ocrx_word' id='word_1_380' title='bbox 1132 4089 1161 4135; x_wconf 84' lang='lat' dir='ltr'><strong>et</strong></span> <span class='ocrx_word' id='word_1_381' title='bbox 1183 4081 1357 4153; x_wconf 81' lang='lat' dir='ltr'><strong>praescripto</strong></span> 
     </span>
    </p>
   </div>
   <div class='ocr_carea' id='block_1_5' title="bbox 0 0 1526 4825">
    <p class='ocr_par' dir='ltr' id='par_1_5' title="bbox 0 0 1526 4825">
     <span class='ocr_line' id='line_1_46' title="bbox 0 0 1526 4825; baseline 0 5"><span class='ocrx_word' id='word_1_382' title='bbox 0 0 1526 4825; x_wconf 95' lang='lat' dir='ltr'><strong> </strong></span> 
     </span>
    </p>
   </div>
  </div>
 </body>
</html>
