3042 4825
325 197 381 260 σε
413 193 611 261 cnaruou.
643 193 980 258 immoritur.
1012 198 1052 258 11.
1073 201 1125 266 σε.
1186 167 1272 254 625

135 351 285 424 «τελέως
305 351 520 429 καθεζομένου
543 347 578 411 έν
598 348 643 434 τῷ
668 351 917 436 χρυσοτρικλίνρι
939 350 996 411 καί
1018 349 1198 426 κελεύοντος
1220 372 1273 434 γει

141 449 285 514 νὲσθαι
306 444 588 530 κουβὶκουλῦριον,
620 449 715 530 δηλοῖ
736 453 801 522 τοῖς
828 448 1066 532 πραιποσίτοις,
1099 445 1155 512 καί
1176 448 1273 512 ordros*

143 547 249 614 κατοὶ
274 545 310 612 τὸ
333 546 449 623 εἰωθῦς
479 540 754 626 α’ναλαμβῦνονταε
774 548 847 627 μεθ’
876 541 999 611 ἰαυτῦν
1027 545 1087 610 δῦο
1108 551 1278 631 κουβικου-

145 648 306 732 λαρέους
332 644 390 710 καί
408 645 466 709 δύο
492 643 926 729 σπαθαροκουβικουλαρὼυς
953 643 1010 709 καί
1034 637 1196 731 ῦστιῦριον
1216 646 1273 710 καί

119 741 388 830 ὄτιριμικὴριον.
430 738 477 818 εἷς
501 745 537 808 δὲ
557 744 593 807 ἐκ
613 741 733 810 τοῦτον
755 736 877 829 ῦφειλει
902 737 1060 808 εἰναυκαί
1081 743 1098 808 δ
1123 741 1275 831 πριμικὴ-

148 865 238 928 ριος
262 846 321 907 τοῦ
341 843 573 924 κουβουκλείου.
615 839 673 905 καί
702 843 903 926 εἰσέρχονται
930 843 965 907 έν
985 845 1030 931 τῷ
1049 835 1424 930 χρυσοτρικλιὲΜίαιΜ

150 965 238 1030 vegs,
278 940 334 1007 καί
353 940 383 1007 οἱ
403 944 463 1023 μὲν
483 939 688 1026 πραιττὸσιτοι
709 941 925 1026 εἰσερχόμενοι
944 939 980 1006 τὸ
1003 940 1081 1021 πρὸς
1104 938 1198 1008 δῦσιν
1215 945 1275 1030 βῆ·-

153 1053 223 1111 λον
266 1045 325 1108 τοῦ
355 1044 622 1127 χρυσοτρικλίνου
651 1044 868 1127 προσκυνοῦσι
902 1039 958 1106 τὸν
991 1044 1138 1124 βασιλέα·
1184 1043 1214 1107 οἰ
1241 1045 1304 1108 tta

154 1141 282 1208 λοιτιοί
301 1145 360 1206 τοῦ
380 1144 604 1223 κουβουκλείσν
627 1134 664 1205 οῦ
696 1144 940 1226 προσκυνοῦσιν.
982 1144 1041 1205 τοῦ
1064 1143 1100 1206 δὲ
1129 1145 1278 1228 δευτέρου

114 1241 355 1326 Ιοάνοίγοντος
383 1237 419 1303 τῦ
449 1234 617 1323 εῦκτήριον
645 1243 705 1304 τοῦ
726 1239 820 1324 ῦγιόυ
846 1235 1129 1327 μεγαλομοίρτυρος
1152 1239 1280 1307 Θεοδοί-
1329 1273 1334 1286 ·

158 1364 254 1428 ρον,
279 1341 477 1423 εἰσέρχονται
498 1339 611 1414 πάντες
631 1339 731 1403 ἐκεῖσε
751 1337 809 1402 καί
826 1333 1057 1424 ἀποκρεμμῦσι
1076 1337 1113 1404 τῦ
1135 1342 1280 1426 χρυσοῦν

161 1435 399 1526 παραγαῦδιον
429 1447 475 1512 εἰς
496 1434 555 1513 τοίς
577 1435 737 1520 κιγκλίδας
766 1439 825 1502 τοῦ
859 1431 1017 1522 βήματος,
1052 1429 1150 1523 ἤγουν
1170 1441 1217 1518 εἰς
1237 1433 1278 1506 τῦ

161 1535 254 1624 ἅγια
281 1533 403 1622 θῦρια,
434 1534 491 1599 καί
517 1530 580 1600 εἶθ’
612 1530 713 1611 οῦτοις
742 1537 907 1620 ἐξέρχεται
929 1536 946 1600 δ
965 1535 1191 1622 πραισόσιτος,
1225 1540 1281 1602 καί

164 1633 298 1720 εἰσάγει
319 1631 383 1699 εἰσί
404 1637 462 1700 τοῦ
482 1637 646 1716 πανθέου,
675 1631 738 1699 εἴτε
759 1637 815 1700 καί
841 1632 904 1698 αἰιὸ
925 1639 984 1700 τοῦ
1004 1635 1194 1720 ὦρολογίου,
1223 1637 1281 1705 τὸν

122 1727 346 1825 ιὸῦφειλοντα
374 1736 524 1816 γενέσθαι
555 1730 838 1818 κουβικουλοὶριον,
867 1735 923 1797 καί
950 1731 1071 1812 ἔξωθεν
1089 1739 1148 1800 τοῦ
1170 1739 1281 1821 sumq-

164 1841 270 1925 ρίου,
296 1827 389 1918 ’γουν
410 1834 456 1908 εἰς
475 1831 510 1897 τδ
532 1834 630 1918 δῆλον
649 1835 710 1896 τοῦ
732 1829 824 1916 ἆγίου
848 1828 1037 1918 Θεοδώρου,
1057 1831 1199 1900 κελεύσει
1218 1839 1281 1899 τῶν

163 1934 395 2021 πραιιιοσίτοιν
423 1928 592 1996 ε’νδῦουσιν
612 1927 643 1994 οἰ
675 1929 933 2016 κουβικουλῦριοι
961 1931 1110 2012 καμίσιον
1129 1929 1184 1997 τὸν
1203 1935 1282 2014 μέλ·

166 2042 273 2100 λοντα
294 2033 484 2114 τιμηθῆναι,
516 2026 573 2093 καί
599 2026 876 2110 οἰσοσκετιιίζουυιν
907 2023 1029 2112 αῦτδν,
1062 2033 1119 2095 καί
1138 2025 1201 2096 εἶθ’
1222 2028 1306 2096 ori—C

167 2157 244 2208 τως
269 2127 449 2214 εἰσάγουσιν
479 2125 576 2194 αῦτδν
602 2129 638 2192 ἐν
664 2131 708 2215 τῷ
733 2127 909 2217 εῦκτηριλρ,
945 2130 1001 2194 καί
1019 2127 1149 2196 ἱστῶσιν
1178 2129 1281 2198 αῦτδν

127 2230 242 2319 αοετρό
272 2231 337 2295 τῶν
367 2227 468 2312 ἁγίων
496 2231 619 2312 θυρῶν.
661 2222 731 2291 εἰτα
762 2227 780 2291 δ
809 2233 933 2314 πρῶτος
960 2225 1167 2314 πραιιιόσιτος
1198 2240 1288 2296 ποιεῖ

173 2337 227 2410 εἰς
247 2327 345 2396 αὐτὸν
364 2326 421 2412 τὴν
442 2330 594 2392 εἰωθυῖαν
614 2329 821 2411 παραίνεσιν,
857 2329 1015 2393 νουθετῶν
1033 2330 1090 2392 καί
1108 2330 1284 2417 ἑξασφαλι-

176 2429 313 2513 ζόμενος
340 2425 443 2494 αῦτόν
472 2429 531 2492 τοῦ
559 2424 604 2511 μὴ
636 2430 733 2511 δῆσαι
767 2436 882 2512 χεῖρας
909 2430 956 2503 εἰς
987 2430 1096 2513 ἕτερον
1122 2432 1284 2515 βορβιίτον

176 2525 258 2597 ῦνευ
283 2531 342 2594 τοῦ
362 2529 537 2612 βασιλέως,
557 2529 615 2590 καί
640 2528 698 2589 τοῦ
721 2523 767 2609 μὴ
791 2521 874 2591 εἰναι
893 2526 1038 2608 μέθυσον
1052 2529 1108 2591 καί
1127 2532 1286 2614 πέραερον

178 2632 239 2695 καί
268 2629 537 2713 σερισσοιιραξίας
568 2623 779 2710 ἐργάζεσθαι,
809 2623 867 2688 καί
896 2628 954 2688 τοῦ
974 2622 1019 2709 μὴ
1051 2622 1285 2715 συνδυῦζεινῆ

136 2730 442 2815 ,ςσυμφιλιοῦσθαι
476 2721 685 2803 ἰξολεοτῦτοις
725 2723 784 2788 καί
824 2730 1042 2811 νεωτερισταῖς
1081 2721 1283 2811 ἀνθρώποις·

179 2968 230 3021 nio
251 2966 422 3037 Imperator,
445 2961 557 3035 quando
579 2963 642 3015 vult
668 2964 790 3035 aliquem
813 2963 1014 3017 cubicularium
1041 2962 1220 3029 renuntiare,
1243 2968 1284 3020 si-

219 3030 293 3089 ifics't
305 3052 370 3105 prae
391 3034 478 3088 oritis.
507 3034 554 3096 lli,
570 3048 664 3084 secum
683 3037 780 3088 sumtis
792 3054 842 3107 pro
854 3052 928 3087 more
946 3034 1053 3087 duobus
1065 3036 1242 3089 cubiculariis
1255 3046 1284 3092 ct

181 3056 291 3160 dbohur
308 3125 355 3177 spa
389 3104 615 3159 arocubiculariia
635 3112 665 3156 et
682 3108 804 3157 ostiariis
822 3118 851 3157 et
869 3106 1038 3175 primicerio,
1065 3105 1173 3177 (borum
1189 3116 1283 3162 autem

182 3196 255 3230 unus
276 3174 362 3229 debet
385 3176 557 3246 primicerius
585 3174 706 3226 cubiculi
734 3176 814 3244 esse‚)
836 3178 941 3228 intrant
965 3179 995 3229 in
1024 3175 1282 3243 chrysotricliuium.

183 3249 220 3301 Et
245 3250 395 3317 praepositi
425 3245 539 3317 quidem
562 3262 612 3314 per
638 3244 808 3299 occidentale
831 3247 923 3299 velum
951 3246 1165 3313 chrysotricliuii
1194 3252 1284 3301 intro·

184 3327 282 3371 euntes
300 3317 416 3371 adorant
434 3318 644 3387 Imperatorem
665 3317 768 3387 reliqui
790 3324 881 3369 utitem
902 3313 1064 3370 cubicularii
1084 3336 1139 3371 nou
1160 3319 1284 3380 adorant.

183 3390 322 3441 Deutcrus
349 3389 416 3441 inde
442 3390 533 3457 aperit
563 3388 713 3440 oratorium
745 3387 771 3439 S.
798 3389 889 3457 magni
918 3391 1043 3455 martyris
1072 3388 1229 3455 Theodori,
1253 3393 1284 3445 lu

185 3460 262 3531 qnod
275 3474 370 3512 omnes
390 3462 512 3522 intrant,
534 3464 564 3509 et
576 3458 750 3528 suspendunt
771 3474 884 3510 aureum
900 3459 1096 3529 paragaudium
1122 3476 1137 3510 c
1155 3460 1285 3514 cancellis

185 3531 301 3584 bematis
321 3538 397 3582 autc
414 3546 489 3581 sacra
509 3536 595 3597 porta.
632 3530 706 3579 Dein
725 3530 784 3581 exit
811 3531 999 3599 praepositus,
1021 3540 1049 3581 ct
1066 3530 1219 3584 introducit
1237 3540 1287 3585 aut

185 3618 202 3652 a
226 3600 365 3671 pantheo,
383 3609 431 3652 aut
448 3608 477 3651 et
498 3599 533 3650 ab
556 3598 700 3667 horologio
727 3601 873 3652 creandum
894 3599 1103 3659 cubicularium.
1140 3602 1220 3654 Hunc
1236 3620 1285 3655 ex-

186 3681 228 3725 tra
250 3674 400 3725 oratorium
429 3686 479 3722 seu
505 3672 535 3721 in
563 3670 625 3721 velo
653 3672 679 3721 S.
708 3670 848 3724 Tlieodori
889 3672 1023 3723 amiciunt
1052 3672 1231 3736 cubicularii,
1269 3691 1286 3725 a

187 3744 350 3812 praepositis
374 3743 459 3804 iussi,
478 3739 599 3802 camisio,
620 3740 791 3811 demuutquc
812 3742 865 3810 ipsi
887 3740 984 3809 capitis
1005 3750 1204 3811 tegumentum,
1226 3752 1286 3795 tum

187 3813 369 3866 introducunt
393 3828 457 3864 eum
477 3812 508 3864 ln
526 3812 692 3874 oratorium,
709 3820 738 3862 et
760 3829 849 3863 corum
871 3828 947 3866 sacra
967 3820 1046 3881 porta
1063 3814 1208 3867 collocant.
1240 3813 1286 3867 lbi

188 3883 257 3935 facit
276 3885 450 3953 praeponitur
468 3881 503 3933 sd
527 3898 590 3933 eum
609 3890 767 3934 consuetam
786 3882 1016 3943 adhortationem,
1037 3882 1185 3953 diligenter
1203 3898 1286 3951 prae·
1373 3908 1381 3923 ·

189 3954 295 4023 cipiens
316 3962 344 4006 et
360 3952 516 4013 inculcans,
538 3966 573 4002 ne
593 3969 690 4003 manus
710 3952 845 4006 violentas
865 3954 996 4004 immittat
1012 3954 1042 4004 in
1071 3954 1156 4005 alium
1184 3952 1286 4007 barba-

189 4029 269 4087 tum,
295 4024 384 4075 inscio
402 4025 586 4092 imperatore,
612 4038 704 4094 neque
722 4022 854 4075 ebrietati
872 4038 901 4075 ae
920 4022 1020 4086 dedat,
1040 4038 1131 4092 neque
1150 4036 1234 4076 vanus
1256 4033 1285 4078 et

188 4094 259 4147 levis
278 4096 332 4159 sit,
357 4103 386 4146 ct
404 4095 499 4165 inepte
517 4094 640 4145 curiosus
660 4110 750 4146 rernm
769 4092 805 4145 acl
823 4110 852 4145 εε
873 4109 930 4146 non
948 4094 1166 4165 pertinentium
1190 4111 1283 4167 neque

170 4211 175 4230 ¹
225 4198 425 4274 §ammonam
439 4196 573 4270 Porphyr.
592 4198 651 4251 Vol.
668 4202 691 4250 1.
1051 4198 1086 4268 4ο
