3042 4825
302 171 396 258 -620
526 200 798 270 consuantur
829 204 1196 280 eoammaoemrrr

309 350 506 436 εἰσέρχονται
534 354 582 430 εἰς
608 356 664 425 τὸν
690 361 794 444 μέγαν
821 365 1023 450 βαπτιστῆρα
1051 367 1109 450 τῆς
1133 365 1273 453 μεγάλης
1295 369 1430 458 ἔκκλη-

309 447 393 526 σάις.
435 449 524 518 οἶδὲ
545 454 696 524 δεσπόται
715 461 930 548 προέρχονται
949 459 1028 544 μετά
1050 469 1116 531 τοῖν
1137 465 1331 550 titatium,
1357 497 1429 536 aece-

307 545 378 626 θάς
405 545 474 634 ἔχει
493 548 514 636 ἤ
533 557 692 640 συνήθεια
709 561 775 626 τάν
793 559 940 644 μεγάλων
965 557 1093 648 ἑορτῶν.
1135 563 1177 631 τά
1199 567 1236 632 δὲ
1261 571 1428 654 σκῆπτρα

307 650 366 713 καί
382 647 423 714 τά
445 649 542 717 λοιπά
563 653 661 740 σκεύη
680 659 832 738 μένουσιν
859 661 894 725 ἰν
911 662 956 752 τῷ
980 662 1044 750 ναῷ
1065 664 1120 748 τῆς
1142 661 1277 751 μεγάλης
1297 669 1429 752 ἔκκλη-

308 747 400 832 σιἀς,
421 749 659 828 suaderetis
679 765 752 833 ταῖς
768 756 923 842 μεγάλαις
945 762 1184 848 πραελεόσεσιν,
1205 764 1263 831 καί
1289 764 1321 830 οἱ
1346 761 1449 832 λοι-5

298 845 368 922 ,ποί
386 848 594 934 άξιαιματικοί
611 854 670 920 καί
697 863 919 944 συγκλητικοί.
960 859 1220 930 uitiosorum
1248 861 1335 946 μετὰ
1359 867 1428 930 τοῦ

308 946 509 1037 πατριάρχου
530 952 586 1020 καὶ
616 956 680 1022 τάν
707 955 900 1043 torcatum
929 963 1080 1044 γενέσθαι
1107 958 1274 1046 α’ναδόχυν
1306 964 1428 1050 εἰσέρ-

304 1072 419 1131 χονται
439 1053 484 1128 εἰς
503 1051 560 1118 τόν
578 1059 800 1144 βαπτιστῆρα,
821 1062 953 1146 καὶτῆς
974 1055 1072 1150 εὗχῆς
1091 1061 1258 1146 γενομένης
1279 1064 1340 1128 κατ’
1361 1067 1426 1147 τῆς

308 1151 465 1228 εἰωθυίας
485 1152 742 1242 ἰκαλησιαστικῆς
769 1155 887 1238 τάξεως
914 1165 1103 1248 τελουμένης
1121 1161 1179 1225 καί
1203 1163 1263 1226 τοῦ
1292 1161 1426 1236 παιδός

309 1251 557 1336 βαπτιζομένου,
590 1257 741 1340 δέχονται
769 1255 800 1322 οἰ
828 1257 1004 1344 ἀνάδοχοι,
1038 1260 1096 1327 καί
1121 1257 1185 1325 sini
1215 1262 1279 1325 τῶν
1308 1264 1463 1326 ἒκεῖσειο

310 1351 518 1435 κατέρχονται
538 1351 569 1419 οἰ
597 1355 752 1422 δεσπόται
772 1356 933 1440 perduoi
964 1361 1168 1446 πατριάρχου
1187 1362 1244 1424 scus*
1265 1363 1325 1425 τοῦ
1345 1385 1427 1447 paa-

284 1451 483 1534 οτισματος,
511 1453 569 1518 καὶ
592 1457 711 1538 μάταιαι
738 1452 918 1542 {quinivies
948 1456 1070 1536 εἴσοδος
1096 1458 1142 1534 εἰς
1168 1458 1204 1524 τό
1226 1457 1423 1544 θυσιαστή-

310 1569 392 1631 ριον.
433 1544 500 1616 εἶτα
522 1552 702 1641 εἰσέρχεται
725 1553 744 1620 o‘
764 1555 917 1640 βασιλιδς
936 1561 983 1633 εἰς
1002 1556 1036 1622 τό
1058 1559 1271 1644 μητατάρισν,
1291 1555 1353 1623 καὶ
1374 1553 1420 1623 τά

311 1640 383 1732 ἑξῆς
401 1655 557 1734 τελεῖται,
582 1651 692 1730 noodr
711 1653 769 1720 καὶ
787 1657 823 1722 δν
842 1663 913 1732 ταῖς
930 1653 1086 1740 μεγάλαις
1105 1657 1342 1743 προελεύσεσιν.
1387 1653 1422 1720 οἷ

279 1743 284 1754 ’
310 1748 347 1812 δὲ
365 1750 461 1834 δῆμοι
480 1750 516 1816 ἐν
534 1752 578 1841 τῷ
598 1747 810 1841 inemptum
829 1751 1036 1838 τὸνβασιλέα
1065 1757 1243 1838 αἰτοῦνται,
1266 1754 1458 1840 άχθῆναιτὸ

163 1852 304 1910 merob
313 1844 442 1912 ἱππικόν
461 1845 682 1938 ἱπποδρόμου.
702 1857 759 1919 τοῦ
782 1857 818 1920 δὲ
844 1857 1001 1937 βασιλέως
1020 1856 1291 1940 συντασσομένου,
1312 1863 1418 1922 τελερ

311 1969 365 2013 ται
385 1950 423 2036 τῇ
442 1949 597 2038 ἑπαόριον
616 1950 830 2042 ἱπποδρόμιον
850 1949 1048 2038 άπολδσιμον
1067 1957 1125 2020 καί
1143 1953 1418 2042 προσκονὴσιμον.

767 2105 873 2170 ΚΕΦ.
895 2101 954 2188 κγ’.

376 2247 448 2306 Ὅσα
466 2249 514 2306 δελ
531 2218 772 2326 παραφυλάττειν
797 2253 848 2308 ἐπὶ
877 2253 1056 2328 cooperirem
1072 2242 1180 2314 παιδός
1195 2254 1344 2324 βασιλίυς.

283 2409 310 2499 D
397 2403 550 2473 Δι’δονται
567 2403 721 2494 μανδάτα
740 2405 787 2483 εἰς
800 2401 876 2491 ὅλην
889 2402 946 2491 τήν
957 2404 1129 2493 σύγκλητον
1142 2405 1339 2490 άλλαξιμαν,
1360 2401 1450 2473 araim

316 2616 370 2665 unt
387 2626 451 2681 ergo
470 2608 502 2662 in
523 2608 718 2680 baptisterium
745 2608 921 2665 seuientem
937 2626 1051 2679 magnae
1069 2608 1211 2663 eeclesiae.
1257 2608 1415 2662 Procedant

314 2682 428 2739 Domini
447 2682 556 2734 tamin
578 2682 755 2745 mutatoriis,
780 2681 872 2753 qualia
894 2680 987 2733 soient
1011 2696 1045 2733 ex
1071 2681 1126 2733 ritu
1151 2681 1180 2732 in
1206 2680 1311 2751 magnis
1336 2679 1414 2733 festis

315 2762 429 2824 gestare.
464 2752 577 2821 Sceptra
599 2753 754 2825 etreliqua
771 2768 833 2805 vasa
851 2760 965 2805 manent
987 2751 1016 2804 in
1037 2752 1097 2821 ipso
1117 2768 1169 2803 nao
1193 2768 1307 2821 magnae
1325 2750 1416 2803 eecle-

316 2825 392 2884 siae,
415 2829 499 2893 prout
517 2839 576 2875 mos
595 2822 688 2884 estin
706 2825 811 2891 magnis
830 2822 1069 2894 processionibus3
1089 2830 1203 2875 manent
1220 2820 1326 2873 ibidem
1344 2836 1415 2894 quo·

336 2910 371 2945 ue
393 2896 478 2945 ceteri
501 2892 628 2947 honorati
647 2902 677 2947 et
703 2903 853 2948 senatores.
895 2893 1010 2945 Domini
1034 2900 1126 2945 sutem
1152 2902 1181 2945 et
1203 2890 1359 2961 patriarcba
1386 2896 1414 2943 et

315 2914 454 3034 designati
471 2972 629 3033 exceptores
649 2982 664 3018 e
683 2979 760 3017 sacro
779 2966 856 3017 fonte
873 2971 922 3018 sut
938 2972 1089 3033 compatres
1107 2964 1213 3015 intrant
1230 2963 1260 3015 in
1277 2962 1415 3047 baptiste-

316 3036 408 3097 rium,
440 3033 566 3097 tactaque
592 3038 718 3089 oratione
748 3043 777 3089 et
804 3044 916 3106 peracto
941 3044 1072 3087 consueto
1108 3032 1195 3086 officio
1227 3033 1412 3085 ecciesrastieo

315 3102 514 3176 baptizatoqne
537 3123 639 3177 puero,
664 3107 723 3160 exci
745 3106 809 3159 iunt
825 3122 888 3159 eum
907 3114 1082 3174 exceptores;
1106 3110 1135 3156 et
1158 3114 1225 3157 tunc
1245 3106 1351 3159 abeunt
1378 3102 1413 3154 ii-

317 3176 375 3229 line
392 3176 544 3245 Imperator
562 3184 591 3228 et
606 3124 764 3247 patriaredn
785 3195 846 3229 cum
864 3175 959 3248 puello
984 3176 1142 3245 baptizato,
1171 3183 1200 3227 et
1217 3174 1248 3227 iit
1266 3181 1411 3227 consuetus

318 3248 448 3299 introitus
466 3246 496 3298 in
514 3249 746 3303 sacrificatorium.
789 3248 863 3301 Dein
882 3250 968 3301 intrat
994 3247 1144 3315 Imperator
1167 3247 1197 3298 in
1220 3246 1411 3304 mutatorium,

318 3326 348 3370 et
367 3325 535 3387 peraguntur
561 3328 666 3383 cetera,
692 3325 724 3371 ut
745 3334 804 3371 moa
823 3326 865 3372 est
884 3320 912 3371 in
936 3320 1041 3387 mugnis
1088 3314 1290 3369 recessionibus
1316 3312 1417 3385 peragi.

317 3388 461 3442 Faetioues
481 3395 572 3441 sutem
591 3390 621 3444 in
651 3390 743 3443 reditu
767 3389 943 3459 Imperatoris
966 3404 1001 3441 ex
1024 3334 1139 3441 cederit
1157 3394 1262 3457 rogant,
1290 3391 1415 3457 equestre

317 3460 505 3529 spectaculum
524 3460 584 3528 edi3
609 3470 639 3514 et
658 3463 899 3531 compromittente
918 3460 1104 3527 Imperatore,
1122 3458 1260 3529 peragitur
1284 3462 1416 3527 sequente

318 3530 364 3583 die
382 3530 568 3598 spectaculum
587 3539 714 3603 equestre
733 3532 915 3599 apolysimrrm
937 3528 995 3603 [scu
1013 3538 1180 3598 postremum
1207 3544 1318 3589 eorum,
1345 3538 1416 3595 quae

316 3617 367 3671 per
385 3600 464 3652 istoru
478 3602 648 3655 occasionem
657 3602 807 3654 hilaritatis
820 3601 950 3671 publicae
964 3596 1172 3685 instituuntur,]
1191 3598 1322 3669 idemque
1338 3610 1415 3665 pros-

318 3672 485 3738 cynesimum
511 3688 560 3725 seu
589 3673 619 3725 in
642 3690 698 3745 quo
722 3673 874 3743 Imperator·
899 3688 916 3726 a
937 3672 1041 3743 populo
1065 3671 1143 3725 humi
1163 3686 1194 3724 rn
1215 3668 1339 3741 genubus
1363 3680 1411 3717 ou·

317 3741 403 3796 truse
421 3742 558 3797 adoratur.

801 3846 875 3904 cto.
894 3850 937 3903 ai.

531 3966 717 4025 Obseruando
733 3969 767 4023 iss
791 3970 920 4025 tonsione
930 3967 996 4044 fitis·
1012 3966 1203 4038 Ιιπμτιαεσνίτ.

388 4096 479 4157 Pridie
499 4100 635 4159 didumur
649 4102 777 4159 mandata
806 4102 840 4155 ad
860 4108 949 4157 totum
977 4108 1117 4167 senatum,
1141 4108 1173 4155 ut
1199 4098 1286 4153 altero
1310 4096 1357 4154 die
1382 4098 1413 4153 in
