3042 4825
331 219 387 285 οε
414 215 611 286 cuumou.
642 210 781 281 auctu
802 211 977 280 sumiti.
1005 215 1048 278 11.
1070 217 1122 283 ιτ
1182 175 1269 271 553

169 369 294 460 ισοιγία,
323 375 379 440 καί
407 375 564 458 λαμβάνει
584 371 603 438 ό
622 371 750 458 πρῶτος
781 365 932 452 βασιλεός
949 362 1039 451 πυροὶ
1057 365 1117 430 cosi
1133 342 1275 449 πραιπο-

177 479 270 541 σίτου
299 473 335 538 τό
368 469 432 539 όπό
457 475 684 558 ταωνοπτέροιν
712 468 871 556 ῥιπιδιον,
902 469 957 532 κατ’
983 469 1154 552 φιλοναλεῖ
1167 462 1275 548 Ιπέριξ

176 577 236 660 τῆς
255 573 349 658 όχίας
367 577 540 661 τραπέζης,
562 575 617 638 καί
635 572 821 657 ἐξέρχονται
838 569 898 633 τοῦ
916 566 1075 652 βήματος,
1102 560 1159 627 καί
1176 561 1277 648 δαέρ-

177 697 292 762 χσνται
311 671 374 738 unt
397 677 501 753 δεξιός
522 670 644 758 εἰς’τὴν
666 669 852 751 intonsum,
886 667 943 731 καί
968 661 1120 730 ἅπτουσιν
1148 659 1276 727 eductos
1312 657 1429 783 gs‘dw'·

155 767 295 860 Εκηροός
329 775 384 838 κατ’
416 775 655 860 προσκυνοῦσιν.
696 767 753 836 καί
773 761 835 832 sint
863 766 1048 858 τοόνιέκεΐσε
1079 762 1276 848 ἀπέρχονται
1438 838 1473 865 .›

175 869 237 950 ἔξω
257 874 318 938 rot·
336 875 582 958 μητατοορικιιιυ,
604 873 638 936 έν
658 861 684 960 ᾧ
704 870 724 956 ἢ
745 865 839 934 εἰκοόν
855 867 913 951 τῆς
923 860 1081 930 Θεοτόιιου
1102 858 1191 928 καίδ
1212 855 1300 947 (ἔρ-α
1334 853 1453 957 ρειαί

175 974 293 1058 γυροῦς
313 971 442 1058 ἵδρυται
463 969 622 1058 σταυρὸς,
658 968 714 1035 καί
733 965 893 1034 ἅπτουσιν
911 959 1037 1029 κάκεῖσε
1057 960 1186 1050 κηροός,
1217 959 1276 1026 καί

175 1073 378 1158 εἰσέρχονται
395 1072 440 1148 εἰς
458 1067 495 1137 τό
516 1070 733 1157 μητατιόριον,
755 1069 826 1150 κατ’,
846 1067 879 1131 εἰ
895 1061 1076 1144 κελεόουσι,
1102 1061 1274 1140 σκεπάζον-

143 1159 242 1236 ’ταα
284 1173 408 1254 ἰστέον,
440 1165 490 1236 ότι
510 1174 545 1236 έν
564 1160 591 1259 ᾦ
611 1166 697 1259 τόπῳ
718 1169 860 1235 ἵστανται
880 1162 911 1232 οἵ
934 1169 1078 1249 βασιλεῖς
1097 1157 1274 1245 ἐπευχόμε-

138 1284 246 1353 ῐῠνοι,
274 1269 420 1336 ἵστανται
450 1267 479 1336 οἵ
499 1271 557 1354 τῆς
576 1271 675 1354 μέσης
699 1263 878 1353 ἑταιρείας,
911 1262 967 1329 καί
986 1263 1081 1330 αδτοί
1097 1261 1273 1345 ἐπευχόμε-

174 1391 236 1435 νοι.
277 1365 333 1433 καί
358 1367 494 1446 έξιόντες
521 1367 704 1454 διέρχονται
731 1364 787 1432 διό
814 1367 874 1430 τοῦ
899 1361 1072 1450 νάρθηκος,
1100 1361 1158 1428 καί
1176 1357 1273 1427 πόλιν

175 1469 327 1550 δέχονται
344 1467 474 1544 τούτους
494 1469 578 1534 οἵτε
596 1465 770 1553 μόχιστροι.
786 1462 843 1531 κατ’
860 1465 1022 1551 πατρίκιοι
1041 1460 1097 1528 καί
1117 1457 1273 1548 όφφιιιιό-

175 1571 260 1647 icoc,
288 1563 345 1630 καί
372 1560 500 1633 οἷνίοατν
526 1564 557 1632 οῗ
578 1563 728 1631 δεσπόται
760 1562 816 1628 διδ
838 1565 898 1629 cosi
918 1564 1049 1646 κοχλιοό
1087 1560 1143 1626 καί
1171 1559 1275 1646 ἀστέρα

172 1686 297 1748 χονται.
342 1663 373 1729 οἵ
397 1666 616 1748 didacticum*
644 1663 920 1750 προαπερχόμενοι
944 1662 1093 1728 ἵστανται
1112 1662 1199 1748 δεξιᾷ
1217 1659 1275 1725 καί
1312 1677 1315 1681 ’

136 1763 328 1850 ιδιίριστερᾷ
358 1761 420 1844 ἔξω
440 1766 506 1830 τεόν
534 1760 725 1850 εἰσαγόντων
752 1764 966 1849 παραπτέροον
984 1762 1030 1837 εἰς
1049 1756 1090 1826 τό
1117 1753 1304 1832 uinciendo

175 1865 233 1927 ιιαδ
251 1865 315 1929 τεόν
346 1865 508 1929 δεσποτῶν
536 1866 771 1949 διερχομένοον,
800 1857 991 1944 έπεόχονται
1018 1861 1075 1924 κατ’
1100 1857 1201 1924 αὗταί.
1241 1853 1275 1922 οἵ

173 1963 211 2028 δὲ
232 1958 386 2026 δεσπόται
406 1961 644 2048 δηριγευόμενοι
672 1959 737 2026 όπό
757 1984 793 2026 τε
812 1961 874 2026 τοῦ
893 1959 1115 2042 κονβουκλειιυ
1136 1955 1193 2022 καί
1208 1958 1275 2022 τοόν
1313 1992 1318 2006 ι

170 2063 375 2146 μαγλαβιτοῖν
394 2063 451 2126 καί
474 2065 534 2148 τῆς
560 2059 700 2148 μεγάλης
730 2055 908 2145 ἑταιρείας,
935 2061 1134 2146 εἰσέρχονται
1165 2056 1211 2133 εἰς
1229 2051 1272 2122 τό

174 2157 335 2244 ἀπάγοντα
366 2157 560 2246 παρόπτερα
591 2163 637 2236 εἰς
667 2159 709 2226 τὰ
732 2158 887 2224 οἰποδυτό.
927 2160 984 2224 κατ’
1008 2155 1118 2241 οἱμὲν
1138 2159 1274 2240 τῆςμε-

130 2256 270 2348 αογόλης
298 2253 459 2346 ἑταιρείας
487 2261 635 2326 ἵστανται
664 2257 767 2339 adduc
796 2257 879 2343 μετὰ
906 2257 1020 2344 όλιχαν
1046 2253 1273 2342 ἐπευχόμενοι,

244 2383 270 2437 ι
287 2379 449 2453 μητατοῖριο
473 2378 548 2446 cod,
566 2381 734 2459 ntlsaspius.

171 2501 283 2554 voninis
301 2498 421 2563 iactum,
450 2502 562 2571 quicum
591 2500 639 2552 ille
670 2516 773 2553 sueram
790 2515 912 2552 mensum
936 2496 1131 2553 circumvertit.
1165 2496 1206 2550 Eo
1224 2498 1270 2552 ss-

172 2578 228 2635 cio,
246 2579 349 2623 exeunt
366 2588 382 2623 e
402 2571 528 2633 bemste,
547 2578 576 2623 et
591 2568 695 2623 abeunt
721 2570 847 2623 adextra
865 2579 942 2639 parte
964 2569 1000 2621 ad
1024 2567 1178 2637 episoepsin
1219 2586 1282 2622 τετε·

171 2642 360 2696 visitationem
382 2650 465 2712 atque
484 2640 671 2694 adorationem
689 2658 825 2693 sacrarum
847 2642 877 2694 B.
894 2640 1016 2709 Virginis
1033 2639 1210 2709 reliquiarum
1240 2646 1271 2691 et

172 2711 214 2766 lbi
233 2728 343 2781 quoque
361 2710 515 2763 accendunt
531 2728 624 2764 cereos
643 2720 672 2763 et
692 2709 846 2786 [reliquiss]
867 2710 991 2762 adorant
1027 2710 1107 2763 Illinc
1115 2723 1197 2777 proce
1218 2716 1270 2763 unt

172 2798 262 2853 usquc
289 2782 324 2835 ad
353 2783 546 2845 memorium,
575 2783 605 2834 in
636 2798 692 2853 quo
730 2784 820 2851 imago
856 2780 1052 2851 Deigcnitsicis
1085 2787 1115 2831 et
1140 2785 1270 2849 argentee

172 2868 239 2904 crux
268 2859 387 2917 exstsnt;
410 2853 534 2919 incuius
554 2850 632 2904 aditu
651 2869 775 2923 quoque,
793 2853 952 2923 prinsquam
966 2848 1268 2918 ingrediantur‚cereos

172 2921 335 2975 accendunt.
372 2923 488 2991 Ingressi
507 2929 597 2975 sutem
617 2922 746 2992 deinceps
772 2924 803 2974 in
828 2922 1018 2984 mutatorium,
1044 2923 1069 2972 si
1087 2920 1200 3004 (guidem
1218 2937 1270 2984 cn·

171 2993 270 3063 piuut,
295 2992 455 3045 iniuluntur.
492 2992 667 3056 Tenendum,
685 3010 718 3045 eo
742 2994 773 3045 in
798 2994 876 3055 ioco,
895 2995 926 3043 in
951 3008 1007 3061 qno
1031 2990 1184 3043 subsistunt
1206 2992 1270 3047 Do·-

171 3063 241 3117 mini
260 3078 354 3131 preces
379 3061 413 3113 ud
433 3065 522 3116 Deum
540 3063 691 3127 iacientes,
708 3064 749 3115 ibi
768 3064 916 3116 subsistere
943 3078 1073 3133 quoque,
1097 3064 1146 3134 qui
1168 3061 1269 3114 haete-

171 3148 225 3185 nus
238 3148 284 3183 eos
304 3133 427 3185 comitati
448 3134 567 3197 suerunt,
580 3134 687 3187 mediae
706 3134 847 3187 hetaeriae
866 3133 993 3185 homines
1013 3140 1077 3202 post
1091 3132 1166 3185 bona
1182 3132 1269 3185 verba

171 3202 299 3255 Dominis
318 3202 400 3255 dicta.
436 3204 593 3255 Transeunt
612 3222 692 3272 porro
712 3206 824 3256 Domini
841 3221 891 3273 per
908 3202 1073 3270 nartheeem‚
1093 3221 1163 3276 quos
1180 3220 1269 3257 vens-

171 3281 267 3326 rsntur
286 3272 405 3325 secunda
429 3274 489 3325 vice
508 3276 629 3344 magistri
647 3284 676 3327 et
703 3277 815 3343 patricii
841 3284 871 3328 ct
892 3274 1038 3341 officialem
1063 3282 1093 3326 et
1115 3274 1269 3327 ascendunt

170 3344 286 3397 Domini
306 3360 356 3412 per
373 3342 530 3407 cochleam,
548 3354 577 3397 et
594 3346 711 3399 ulterius
737 3354 857 3416 pergunt
882 3344 918 3396 ad
943 3344 1063 3415 apodyta
1090 3342 1145 3418 [vei
1162 3346 1267 3397 vestia-

171 3418 244 3467 rium
265 3415 431 3477 cnutorium,
451 3414 500 3467 ubi
516 3434 532 3467 a
550 3416 648 3468 loturis
662 3423 749 3469 vestes
768 3416 803 3486 de
824 3414 967 3489 onuntnrl.
995 3417 1104 3469 Interea
1119 3431 1184 3469 sero
1201 3415 1269 3468 dum

170 3484 241 3539 haec
259 3484 347 3549 flunt,
365 3484 496 3539 ordinant
513 3502 589 3549 sese,
612 3488 660 3558 qui
679 3488 754 3557 prius
774 3506 791 3539 a
833 3488 935 3539 ominis
960 3503 1023 3539 eum
1050 3487 1082 3538 in
1103 3486 1186 3539 finem
1202 3486 1267 3539 abs·

167 3563 323 3619 cesserant,
349 3554 459 3609 basilici
477 3556 511 3609 ud
535 3555 659 3609 dextram
683 3558 877 3629 sinistramque
896 3564 1001 3626 purtem
1024 3557 1097 3611 toras
1121 3565 1268 3627 puraptcra

170 3624 239 3697 {sive
258 3627 314 3677 alus
332 3634 382 3678 aut
398 3626 614 3681 substructiones
630 3627 772 3751 interalesg
788 3628 824 3683 ad
846 3628 965 3697 apodyia
995 3626 1145 3693 ducentes,
1168 3628 1269 3679 Domi-

170 3699 271 3768 nisque
290 3713 340 3767 per
357 3713 386 3750 se
405 3698 510 3751 medius
529 3698 735 3751 transcuntibus
773 3718 826 3753 ons
851 3706 1008 3771 precantur.
1043 3699 1156 3752 Domini
1174 3704 1269 3751 eutem

170 3767 268 3837 stipati
293 3786 309 3820 a
331 3768 460 3821 cubiculo
480 3778 509 3821 et
533 3769 687 3839 muglabitis
706 3778 735 3822 et
759 3787 856 3839 magna
871 3769 996 3823 hetaeria
1014 3770 1120 3823 ints-sut
1136 3772 1167 3822 in
1186 3784 1269 3837 para-

169 3846 250 3909 ptera
267 3838 302 3890 ad
319 3837 437 3908 apodyta
455 3838 595 3892 ducentes.
631 3840 711 3891 illiue
735 3849 826 3893 nutem
847 3857 967 3910 egressos
991 3841 1115 3893 comitati
1141 3839 1270 3911 aliquan·

169 3908 278 3971 tulum,
296 3909 450 3961 subsistunt
467 3918 530 3979 post
547 3910 619 3963 bona
636 3910 720 3963 verbu
746 3911 872 3964 Dominis
896 3910 971 3964 dictu
995 3927 1109 3981 magnae
1125 3908 1269 3962 hetaeriae

170 3978 316 4045 homines;
341 3979 483 4051 aliquunto
510 3982 627 4035 ulterius
652 3982 775 4033 comitati
799 3982 954 4034 subsistunt
975 3982 1152 4053 magtahiue,
1181 3987 1211 4032 et
1235 3978 1269 4033 tri

170 4066 283 4121 quoquc
302 4050 392 4102 fausta
408 4050 535 4104 Dominis
556 4052 736 4121 comprccsti,
760 4051 882 4124 denique
906 4052 1070 4105 cubicularii
1095 4050 1267 4113 subsistunt,

170 4118 315 4196 usqueehi
332 4120 445 4195 ¹uirsguu
467 4122 523 4195 piIs
547 4123 634 4190 uotis,
656 4121 732 4209 haud
756 4124 854 4196 procui
875 4141 895 4177 u
913 4119 1077 4195 monothyro
1100 4124 1164 4204 [seu
1185 4128 1268 4195 ports
