3042 4825
319 198 372 261 ue
402 195 602 263 meruere.
630 196 779 264 lema.
794 195 967 263 amur.
991 204 1018 265 1.
1038 206 1091 273 aa.
1166 199 1249 289 ¹79

154 346 249 435 άψας
267 350 385 443 κηροάς
405 348 461 415 καί
479 348 665 431 εὑξάμενος,
685 350 864 434 εἰσέρχεται
882 354 929 427 εἰς
947 346 986 417 τά
1005 355 1276 440 θυσιαστηριον,0

152 450 214 517 καί
232 447 339 533 λαβῶν
357 445 532 531 θυμιατόν,
554 451 659 537 θυμιᾷ
678 447 841 533 κυκλόθεν,
860 448 917 515 καῖ
934 449 1119 529 ὑπαλλάξας
1135 452 1192 538 την
1210 450 1249 519 ά-

152 554 232 636 γίαν
251 544 420 634 τράπεζαν,
442 547 570 630 τίθησιν
586 549 621 613 ἐν
640 542 726 633 αὑτῇ
746 542 949 631 άποκόμβιον,
969 547 1026 613 καὶ
1038 549 1175 628 ε”ξελθῶν
1193 550 1248 618 διά

152 650 214 731 τῆς
233 644 384 730 πλαγίας,
418 646 594 727 εἰσέρχεται
612 645 657 719 εἰς
678 643 734 712 τόν
761 645 840 713 ναόν
859 650 914 733 τῆς
934 646 1027 731 άγίας
1046 650 1164 732 σοροῶ,
1194 652 1251 717 κατ’

128 742 246 828 ὄᾶψας
266 742 381 830 κηροάς
401 746 446 820 εἰς
465 741 520 807 τόν
539 739 639 809 αὑτόν
658 741 734 811 ναόν
762 748 799 811 ἐν
819 748 858 833 τῇ
876 749 1037 833 προσευχῇ
1058 746 1171 827 αὑτοῦ,
1203 747 1249 825 ῶς

151 840 297 909 εἴθισται
317 835 420 931 αὑτῷ,
452 838 633 928 ἔμπροσθεν
648 845 711 908 τῶν
733 842 831 927 άγίιον
860 848 990 931 θυρῶν,
1022 842 1078 909 καί
1095 842 1248 912 εἷσελθῶν

152 944 201 1018 εἰς
221 939 257 1007 τό
277 940 517 1027 θυσιαστήριον,
537 940 644 1024 λοβῶν
665 939 835 1027 θυμιατόν,
854 946 961 1032 θυμιᾷ
979 942 1036 1031 τὴν
1055 944 1150 1028 άγίαν
1169 942 1248 1031 τρά-

152 1042 255 1117 πεζαν
274 1034 443 1121 κυκλόθεν,
471 1037 526 1104 κατ’
545 1037 652 1122 λοβῶν
672 1034 887 1125 άποκόμβιον,
908 1042 1036 1127 τίθησιν
1057 1042 1132 1109 αὑτό
1153 1046 1190 1108 ἐν
1208 1026 1247 1127 τη

153 1134 233 1227 άγίηι
252 1139 408 1225 τραπέζῃ,
441 1132 575 1203 καλεῖθ’
607 1132 706 1214 οὑτως
725 1138 929 1226 ὑποστρέψας
948 1142 1126 1228 εἰσέρχεται
1147 1144 1182 1207 ἐν
1201 1143 1248 1230 regi

91 1232 317 1325 ἰστταλατιζα
347 1234 411 1301 εἴτε
430 1234 577 1324 ἔφιππος,
598 1234 739 1303 εἴτετοῦ
759 1238 868 1314 πλοός.
908 1238 965 1305 κατ’
982 1243 1058 1326 περί
1074 1234 1162 1326 ῶραν
1180 1239 1274 1328 apl-t)

150 1328 247 1421 τηνῆ
269 1336 324 1401 καὶ
343 1336 496 1423 τετάρτην
523 1339 581 1421 τῆς
606 1331 701 1423 αὑτῆς
722 1338 846 1425 ἡμέρας
871 1334 1064 1426 άπέρχονται
1084 1338 1114 1406 ot
1134 1341 1248 1421 πατρί-

150 1458 215 1500 κιοι
233 1431 297 1499 άπά
313 1432 483 1512 κελεόσεοις
500 1437 534 1501 ἐν
553 1438 597 1525 τῷ
623 1438 687 1523 ναῷ
706 1439 761 1521 τῆς
783 1433 875 1520 άγίιις
895 1436 1031 1524 Εἰρήνης
1036 1490 1047 1521 ,
1070 1432 1170 1520 όπως,
1191 1462 1242 1504 τε-

149 1538 281 1610 λοῦντος
306 1537 362 1597 τοῦ
387 1532 587 1620 πατριάρχου
616 1533 673 1611 τάς
697 1535 789 1611 θείας
817 1536 1007 1621 κατηχησεις
1032 1540 1067 1603 ἐν
1094 1538 1138 1625 τῷ
1159 1524 1248 1627 αότρῖ

149 1638 234 1722 ναῷ,
271 1629 411 1716 τάχωσιν
434 1634 544 1699 ἐκεῖσε.
587 1634 690 1698 ἰστέον
719 1636 773 1716 δὲ,
804 1628 864 1717 ότι,
886 1636 917 1701 εἰ
934 1638 995 1716 μὲν
1014 1632 1076 1721 πρό
1100 1636 1156 1720 τῆς
1175 1660 1247 1721 τρι-

112 1736 277 1817 ιότοέκτης
303 1731 497 1817 ὑποστρέφει
524 1731 540 1799 ό
565 1732 717 1815 βασιλεὺς
741 1733 806 1799 άπὸ
831 1736 1030 1821 βλαχέρνας,
1069 1736 1246 1821 εἰσέρχεται

148 1834 276 1917 πρῶτον
291 1832 326 1896 ἐν
346 1833 389 1919 τῷ
404 1833 597 1921 βεστιαρίιρ,
631 1830 688 1896 καί
715 1819 857 1916 ἐκβάλλει
881 1831 938 1919 τήν
961 1858 995 1898 τε
1018 1821 1144 1920 χρόσῆν
1166 1819 1264 1920 τρά-1

148 1934 250 2009 πεζαν
271 1930 354 2015 μετά
377 1931 441 1995 τῶν
463 1934 580 1995 λοιπῶν
604 1934 737 2017 χρυσῶν
758 1932 880 1997 σκευῶν
904 1935 970 1997 τῶν
991 1930 1166 2015 μελλόντων
1185 1958 1246 2017 κα·-

151 2030 379 2115 θυπσυργῆσαι
405 2032 446 2117 τῇ
466 2030 695 2117 ὑιακαινησίμην
719 2030 754 2094 ἐν
769 2032 814 2118 τῷ
830 2031 1089 2122 χρυσστρικλίνρι,
1110 2033 1166 2099 καί
1183 2027 1247 2098 εἶθ’

149 2125 253 2205 οὑτως
274 2130 402 2195 τελοῦσι
417 2125 473 2213 τὴν
489 2129 680 2212 τριτοέκτην,
706 2126 760 2191 καί
777 2138 951 2213 προσκυνεῖ
969 2129 1026 2215 τήν
1044 2131 1154 2213 τιμίαν
1173 2132 1245 2215 λόγ-

106 2246 226 2313 aem.
270 2222 386 2309 ὁμοίιος
403 2228 600 2311 εἰσέρχονται
618 2226 673 2290 καί
693 2224 723 2290 οἱ
739 2227 900 2313 πατρίκιοι
916 2223 979 2293 άπό
1001 2232 1169 2307 κελεάσεοος
1181 2239 1288 2315 pra-lid
1297 2240 1328 2294 1..
1338 2244 1388 2299 aod

147 2324 187 2395 τά
206 2328 265 2392 ταῶ
279 2326 518 2411 κουβουκλείου,
546 2322 835 2411 πριοτσσπαθάρισί
847 2351 881 2391 τε
905 2326 961 2391 καί
984 2324 1014 2393 οἱ
1033 2329 1088 2395 ἐπί
1106 2334 1168 2395 τῶν
1196 2332 1245 2397 σί-

147 2430 301 2508 ιιειακῶν,
336 2423 609 2512 προσκυνήσαντες
631 2425 685 2488 καί
702 2424 797 2490 edroi
814 2422 872 2509 την
893 2426 1000 2508 τιμίαν
1022 2428 1155 2515 λόγχην,
1186 2432 1244 2497 κατ’

146 2522 395 2608 ὑπερευξάμενοι
411 2523 465 2590 τὸν
486 2527 637 2606 βασιλέα,
663 2523 856 2608 ἐξέρχονται
899 2525 931 2590 εἶ
948 2528 983 2591 dd
1003 2527 1084 2609 μετά
1103 2532 1159 2613 τῆς
1172 2543 1366 2614 epa-Meas..

147 2626 277 2708 τοέκτης
296 2623 492 2710 ὑποστρέφει
513 2618 574 2686 άπό
594 2621 792 2704 βλαχέρυας,
830 2621 874 2698 ῶς
893 2627 1020 2699 τελέσας
1035 2627 1136 2690 ἐκεῖσε
1151 2631 1240 2713 πρῶ-

105 2721 205 2790 α5τον
224 2720 283 2810 τη“ν
303 2722 501 2809 τριτοέκτην,
535 2728 708 2805 προσκυνεῖ
726 2715 785 2806 την
802 2723 913 2804 τιμίαν
938 2718 1056 2808 λόγχην
1074 2721 1157 2808 μετά
1176 2729 1239 2794 τῶν

144 2968 213 3006 uuae
231 2953 331 3022 pergit,
357 2943 406 3000 uti
424 2964 485 3000 enm
503 2947 588 3002 cereis
608 2946 769 3003 ardentibus
787 2955 930 3018 precatur,
948 2951 1096 3004 emtorium
1114 2950 1237 3021 ingredi·

144 3031 199 3086 tur,
217 3031 247 3076 et
262 3031 352 3076 aumto
370 3018 525 3082 thuribulo,
544 3017 616 3071 illud
634 3020 786 3072 circulatim
806 3019 938 3082 incentat,
957 3028 986 3072 et
1002 3027 1146 3104 postquam
1164 3039 1235 3075 uero

144 3095 260 3146 instrato
277 3107 381 3146 caeram
402 3107 521 3142 mensam
539 3091 665 3153 vestivit,
684 3088 877 3160 apocombiuru
896 3089 968 3143 inibi
987 3100 1113 3160 reponat,
1130 3107 1236 3163 perque

144 3161 339 3234 obliquitatem
361 3177 497 3230 egressus,
516 3160 647 3228 templum
665 3161 732 3212 aaeri
747 3160 872 3231 Sepulcri
887 3162 977 3230 petit,
996 3170 1029 3217 et
1042 3165 1128 3215 cercis
1146 3163 1187 3215 ibi
1205 3165 1236 3218 in

143 3235 312 3303 precatione,
330 3239 362 3284 ut
377 3233 431 3301 ipai
448 3248 505 3284 mor
522 3239 572 3293 eat,
589 3239 653 3282 ante
671 3248 760 3283 caerae
777 3233 873 3282 iauuaa
887 3233 1026 3295 accemir,
1044 3234 1130 3304 inque
1144 3249 1235 3285 caera-

144 3306 214 3357 rium
233 3305 387 3375 ingressae,
411 3311 500 3354 sumtu
520 3299 682 3364 thuribulo,
707 3318 814 3354 eaerum
835 3301 920 3355 altare
938 3303 1093 3356 circulatim
1111 3304 1236 3357 incentat

144 3383 173 3426 et
191 3374 382 3444 apocombiurn
399 3375 429 3424 in
449 3389 481 3426 eo
501 3372 621 3442 reponit,
641 3379 670 3424 et
687 3373 726 3424 ric
744 3370 780 3424 ad
796 3370 928 3441 palatium
945 3381 995 3426 aut
1012 3390 1084 3444 equo
1100 3382 1149 3425 aut
1165 3391 1233 3426 nave

144 3463 235 3498 rureua
253 3446 409 3501 revertitur.
445 3443 522 3495 Circa
546 3441 641 3493 horam
657 3443 768 3494 tertiam
784 3449 832 3494 aut
851 3451 984 3514 quartam⁸
995 3446 1054 3495 eiua
1071 3443 1128 3495 diei
1146 3447 1233 3512 patri-

143 3516 180 3568 cii
202 3532 218 3567 a
234 3515 363 3568 mandato
381 3511 416 3566 ad
434 3523 544 3566 canetae
563 3517 656 3566 lrener
676 3512 809 3580 templum
828 3514 995 3581 precedunt,
1014 3523 1046 3566 ut
1062 3514 1233 3583 patriarchae

142 3585 263 3638 divinam
285 3583 439 3638 catecheain
459 3586 488 3636 in
509 3583 561 3636 hoe
579 3583 682 3652 templo
701 3583 843 3652 peragenti
860 3584 959 3637 adsint
996 3583 1143 3636 Sciendum
1168 3601 1233 3638 reru

143 3665 194 3717 eat,
212 3658 417 3725 imperatorem,
439 3656 464 3706 ri
480 3662 543 3706 ante
562 3655 670 3707 tertiam
689 3662 839 3706 etcertum
858 3669 874 3705 e
892 3653 1049 3706 blachernis
1066 3672 1123 3707 nou
1141 3671 1234 3710 rever-

142 3735 224 3788 tetur,
242 3728 360 3796 primunr
377 3728 406 3780 iu
425 3726 582 3779 vestiarium
601 3721 716 3792 ingredi,
739 3736 876 3792 aureaque
893 3741 988 3776 menta
1006 3733 1034 3778 ct
1051 3727 1166 3796 reliquie
1183 3741 1232 3778 va-

140 3798 196 3860 tic,
222 3798 342 3868 quaein
367 3813 450 3850 aureo
470 3796 591 3848 triclinio
611 3795 644 3846 ¹iu
670 3796 847 3847 renovatione
866 3793 994 3848 adhiberi
1018 3795 1138 3859 debent,
1165 3795 1231 3849 inde

142 3869 256 3931 amotio,
271 3870 382 3920 tertiam
401 3875 429 3920 et
446 3875 551 3920 textam
570 3864 610 3916 ibi
628 3863 768 3918 celebrare
785 3881 951 3936 aureamque
969 3867 1092 3919 lanceam
1107 3866 1230 3920 adorare.

139 3937 244 3990 Eodem
263 3939 317 3991 ritu
337 3938 444 4008 patricii
464 3955 479 3990 a
497 3935 626 3990 mandato
653 3953 713 3988 cum
733 3935 928 4000 cubiculariis,
953 3935 1182 4008 protospathariia
1200 3943 1230 3988 et

139 4008 286 4076 praelectio
311 4009 541 4070 domeatieurum,
566 4022 667 4060 caeram
692 4005 816 4059 lanceam
840 4005 998 4071 adoraturi,
1023 4006 1243 4078 ingrediuntur„

138 4093 194 4150 qna
211 4077 296 4148 lacto,
312 4080 404 4138 lanata
419 4078 583 4153 Imperatori
597 4078 749 4150 apprecati,
766 4075 920 4134 mereunt.
956 4075 987 4134 Si
1009 4093 1072 4138 vero
1089 4084 1155 4149 poet
1171 4083 1229 4130 ter·
