3042 4825
264 108 352 249 390
433 199 437 208 -
500 160 771 235 consumens
795 160 1161 233 rourmnoemrn

266 310 324 393 οδς
344 308 384 382 δν
402 316 585 400 inaugurare
605 317 626 402 ἧ
648 318 810 401 δέσποινα,
831 314 1013 402 εἰσάγονται
1032 324 1107 409 παρ’
1129 314 1231 408 aricii.
1276 317 1388 406 αδτῆ

268 420 304 483 δὲ
325 412 533 497 λαμβάνουσα
563 414 599 481 τδ
620 418 746 501 βεργίον
772 415 809 482 τὸ
829 420 975 504 χρυσοῦν
994 418 1082 503 παρὰ
1105 422 1162 485 τοῦ
1182 418 1387 501 δστιαρίου,

267 516 451 581 ἐπιδίδωσιν
471 516 515 603 τῷ
525 518 752 607 ,σιλεντναράρ,
774 520 878 581 καίτοι
899 514 1003 599 ἔχοντι
1026 511 1086 603 ἤδη
1106 514 1163 602 τὴν
1184 518 1384 603 στρατείαν,

266 617 324 679 καί
340 610 608 700 προοεδρεύουοιν
629 616 658 680 oi
680 613 707 680 δ’
729 608 815 682 οὗτοι
836 620 882 693 είς
900 620 997 703 μέρος
1018 612 1124 700 αὐτῆς.
1167 613 1384 702 ριεςοερενδοῖι

266 738 335 801 ριος
354 717 390 780 δὲ
410 717 529 798 γίνεται
544 711 612 779 α’πδ
636 719 740 797 ψιλῶν
759 714 931 798 μανδοίτων
960 718 1135 798 διδομένων
1164 716 1253 805 αὐτῷ
1275 710 1404 800 παροδς

118 816 326 883 uersentur?
346 814 574 899 πραιποσίτου·
616 816 667 879 δεῖ
692 817 729 881 δὲ
760 816 859 882 αδτόν
886 810 969 881 εἶναι
998 818 1167 903 τριβοῦνον
1194 814 1375 897 νοταρίων.

238 916 321 982 (1δεῖ
337 915 373 978 δὲ
394 914 512 978 εἰδέναι
519 962 530 993 ,
567 907 616 979 ὅτι
636 915 692 978 κατ’
711 914 731 999 ἦ
753 916 903 980 δέσποινα
934 912 1004 999 ἔχει
1025 916 1082 981 ἕνα
1103 910 1373 1000 ῥεφερενδάριον,

266 1015 324 1079 καί
343 1007 440 1088 αὐτὸς
461 1008 577 1094 ὁμοίως
596 1022 661 1087 τοῖς
681 1004 790 1090 ἄλλοις
809 1018 936 1099 γίνεται.
969 1015 1026 1079 καί
1046 1007 1110 1093 ὅτε,
1131 1006 1373 1095 τελευτησάσης

265 1116 321 1197 τῆς
334 1114 427 1187 θείας
447 1109 506 1194 τήν
526 1114 614 1193 λῆξιν
631 1112 811 1196 Θεοδώρας,
834 1110 850 1178 ὁ
871 1111 1005 1197 ου’σεβὴς
1026 1108 1181 1195 δεσπότης
1201 1113 1372 1176 ἐκέλευσεν

265 1210 321 1277 τδν
342 1206 587 1298 ῥεφερενδάριον
608 1210 708 1293 αὐτῆς
728 1211 818 1300 αὐτῷ
845 1212 1012 1297 iaqumu
1043 1208 1100 1275 διὰ
1125 1208 1162 1275 sd
1189 1205 1417 1293 ,offida'ssfflto

268 1304 382 1391 αὐτὸν,
413 1304 466 1377 οἷα
486 1306 531 1392 μὴ
555 1301 653 1391 οὔσης
674 1309 875 1395 αὕγούστης.
915 1307 980 1395 χρὴ
1004 1312 1039 1375 δὲ
1060 1309 1195 1389 εἰδέναι,
1234 1304 1284 1373 ὅτι
1307 1304 1368 1371 δύο

268 1407 363 1493 μόνοι
383 1411 439 1472 τοῦ
459 1408 610 1471 δεσπότου
635 1403 864 1471 α’ννωνεδονται
898 1410 955 1473 καί
986 1402 1082 1491 ὁτῆς
1105 1404 1291 1492 αδγοδοτης.
1334 1401 1368 1470 οἲ

269 1506 331 1593 γὰρ
353 1501 444 1572 ἄλλοι
464 1504 577 1587 πάντες
598 1504 675 1588 δίχα
694 1499 899 1591 οἶννονναρίιον
919 1508 1017 1589 εἰσιν,
1047 1502 1116 1571 ἀλλ’
1139 1502 1183 1581 (ὃς
1202 1506 1367 1589 τριβοῦνον

271 1604 413 1689 νοτὰριοτ
442 1606 675 1690 πραιτωριανοί
701 1603 906 1689 πουνκτοὶριοι
935 1602 993 1683 τοὶς
1015 1602 1110 1690 ῥόγας
1138 1602 1366 1687 λαμβάνουσιν.

269 1704 455 1790 βεστὴτορες
476 1704 511 1768 δὲ
531 1707 668 1787 γίνονται
689 1703 752 1768 οἶπό
773 1704 976 1789 πετιτωρίον,
997 1706 1201 1790 γραφομένου
1221 1706 1281 1784 μὲν
1300 1712 1406 1779 rau-15

270 1806 312 1891 ρδ
333 1809 389 1871 τοῦ
407 1805 647 1887 χαρτουλαρίου
668 1806 724 1889 τῆς
754 1808 822 1869 κατ’
851 1796 949 1867 αδτδν
975 1806 1108 1884 σχολῆς,
1140 1799 1365 1886 δπογραφομὲι

237 1909 327 1970 oron
347 1901 434 1986 παροὶ
453 1906 511 1967 τοῦ
532 1900 701 1965 δεσπότου.
742 1904 924 1981 δομέστικοι
948 1902 984 1965 δὲ
1008 1901 1065 1963 κατ’
1084 1902 1287 1985 προτίκτορες
1308 1892 1364 1961 οδ·

271 2028 343 2078 τας.
377 1996 488 2089 πάλαι
507 2003 567 2080 μὲν
587 1995 650 2062 α’πδ
668 1995 911 2081 προσκυνήσεως
925 1994 1024 2081 μόνης
1042 1988 1080 2081 ἦν
1098 1996 1118 2080 ἡ
1138 1999 1285 2081 στρατείαν
1304 1995 1364 2059 αδ-

271 2104 351 2174 ταῖν·
392 2100 450 2162 νῦν
468 2099 505 2161 δὲ
521 2097 765 2182 προβατονρείαν
786 2106 876 2161 ποιεῖ
893 2095 913 2159 δ
935 2095 1104 2181 δεσπότης,
1136 2096 1193 2160 καί
1212 2091 1362 2179 προσάγει

274 2191 408 2276 αδτὸνδ
437 2196 624 2281 δηκουρνὶον,
645 2193 861 2281 δτραβατικδν
890 2199 1051 2283 φοροῦντα
1078 2196 1242 2279 χλανίδιν,
1280 2186 1302 2278 ἢ
1326 2193 1402 2271 ἕνη

343 2340 369 2409 4.
385 2340 502 2392 ΣΧΟΛ.
527 2337 701 2411 δναφορεδο.
758 2358 768 2393 ι
817 2340 930 2394 ΣΧΟΛ.
949 2339 1153 2410 πυγματιαναί.
1193 2336 1232 2390 15.
1250 2336 1360 2391 zon.

342 2412 497 2478 uirqrsoeod.
538 2470 543 2483 Ι
570 2410 746 2484 192on
774 2341 952 2485 δοκιμασίαν
975 2410 1038 2479 ἤτοι
1056 2408 1238 2482 καλούμενον
1262 2405 1359 2463 {derosa

272 2551 387 2622 padum
405 2552 550 2622 perveniat
573 2559 658 2624 atque
677 2551 813 2604 ruecedat
849 2552 939 2616 Parti,
969 2550 1022 2604 hoe
1040 2557 1082 2602 est
1099 2549 1206 2602 aulicae
1224 2547 1359 2611 familiae,

187 2631 191 2638 '
272 2625 413 2692 Augustae
437 2623 565 2676 attributi
591 2632 657 2676 sunt
674 2623 709 2674 de
728 2631 788 2674 toto
812 2622 1029 2674 silentiariorum
1055 2636 1169 2690 corpore
1194 2628 1308 2691 quatuor
1324 2617 1360 2667 si-

273 2693 418 2756 lentiarii,
446 2692 548 2764 quibus
572 2694 659 2763 proha
685 2694 765 2746 adest
783 2693 878 2764 opinio
896 2693 1026 2764 vitaeque
1044 2690 1160 2742 honeste
1179 2698 1254 2740 actae
1272 2687 1359 2758 publi-

274 2779 337 2816 eum
360 2763 560 2819 testimonium.
596 2764 686 2834 Quem
708 2765 739 2816 in
762 2763 875 2833 gradum
922 2779 970 2815 uor
995 2761 1142 2816 adsciverit
1160 2763 1291 2830 Augusta,
1317 2757 1357 2810 tttt

275 2833 390 2901 adeam
419 2833 641 2886 introducuntur.
679 2837 751 2888 Tum
777 2835 825 2886 ilia
853 2781 981 2884 traditam
1000 2831 1035 2882 ab
1062 2831 1175 2883 ostiario
1194 2832 1292 2902 virgam
1309 2844 1356 2880 su-

274 2920 350 2957 ream
368 2919 478 2955 sumens
495 2905 613 2974 porrigit
630 2905 802 2968 silentiario,
831 2905 955 2976 quamvis
980 2904 1034 2956 iarn
1059 2901 1173 2954 habenti
1193 2917 1251 2951 eam
1276 2897 1357 2968 digni-

272 2981 368 3036 tatem,
386 2980 483 3042 utpote
501 2973 537 3025 ab
555 2975 723 3044 Imperatore
742 2975 869 3026 collatam
888 2981 976 3026 nacto.
1013 2973 1057 3025 Sic
1076 2972 1219 3024 consident
1236 2970 1277 3020 itti
1294 2985 1356 3038 qua·

272 3052 337 3100 tuor
354 3045 385 3095 in
402 3045 541 3112 Augustae
578 3054 637 3097 arte
656 3063 704 3097 seu
723 3045 862 3096 comitatu.
899 3043 1108 3096 Referendarius
1123 3039 1355 3110 seuanaphoreur,

274 3115 394 3185 relator,
419 3115 452 3166 fit
469 3130 484 3164 a
504 3133 542 3166 nu
565 3115 587 3166 is
607 3115 743 3168 mandatis
761 3131 810 3168 seu
829 3115 1046 3184 significatione,
1073 3129 1144 3184 quae
1163 3113 1173 3162 i
1194 3114 1218 3163 si
1235 3108 1355 3180 perhibe-

272 3191 320 3236 tur
337 3201 353 3234 a
370 3186 537 3255 praeposito.
574 3187 665 3238 Debet
690 3193 783 3236 autern
808 3186 873 3236 talis
898 3184 1030 3237 creandus
1056 3200 1115 3235 esse
1139 3131 1266 3234 triiunus
1284 3187 1355 3230 nota·

274 3253 386 3307 riorum.
423 3253 516 3306 Habet
533 3271 646 3328 quoque
670 3257 789 3316 Domina
817 3272 902 3306 unum
925 3253 1159 3317 referendarium,
1189 3253 1238 3323 qui
1268 3249 1354 3302 codem

278 3322 377 3386 modo,
394 3332 479 3395 atque
498 3327 599 3390 ceteri,
625 3335 739 3378 creatur.
776 3325 908 3394 Exemplo
927 3333 1011 3395 patet
1048 3325 1184 3376 Defuncto
1204 3321 1276 3373 enim
1292 3321 1354 3372 Dira

276 3392 433 3456 Theodora,
459 3393 576 3447 iubebat
600 3397 662 3465 pius
680 3396 815 3449 Dominus
841 3393 1052 3467 [lastinianus],
1079 3395 1188 3446 utrius
1211 3389 1355 3444 referendu-

276 3464 350 3527 rius‚
369 3463 405 3516 ob
424 3463 507 3517 herae
526 3482 666 3519 excentum
684 3483 798 3526 munere
816 3483 930 3530 vacans,
948 3466 1002 3517 sibi
1022 3466 1145 3523 serviret.
1181 3465 1222 3516 De
1241 3461 1355 3516 omuibus

276 3542 368 3586 autem
387 3535 580 3589 referendariis
599 3537 653 3590 soli
670 3545 725 3590 tres
738 3537 879 3606 accipiunt
896 3552 1029 3600 annonas,
1045 3551 1145 3605 nempe
1165 3534 1220 3586 duo
1239 3532 1272 3584 de
1287 3539 1355 3603 parte

275 3603 402 3672 Augusti,
421 3613 450 3655 et
468 3623 537 3658 unus
553 3605 587 3658 tle
604 3617 684 3678 parte
703 3610 849 3678 Augustam
874 3609 958 3659 ceteri
978 3623 1072 3659 omnes
1098 3603 1284 3666 referendarii,
1306 3618 1354 3672 qua

276 3673 361 3736 talea,
387 3684 482 3728 carent
499 3677 631 3745 annonis;
657 3695 726 3750 quas
749 3686 842 3730 autem
860 3679 1020 3749 accipiunt,
1047 3693 1091 3728 eas
1110 3675 1167 3728 aeci
1188 3675 1251 3728 iuut
1267 3682 1294 3727 ut
1309 3673 1353 3724 tri·

275 3743 346 3797 huni
369 3747 471 3798 notarii
495 3748 664 3817 praetoriani
687 3749 835 3817 punctarii.
871 3749 1024 3802 vestitores
1048 3749 1117 3800 fiunt
1142 3693 1211 3798 τεδετ
1229 3759 1276 3814 per
1291 3743 1353 3812 peti-

276 3816 394 3878 tarium,
422 3817 498 3888 quod
522 3819 631 3887 scripsit
653 3818 835 3871 chartularius
862 3819 937 3871 illiue
956 3819 1082 3882 scholae,
1107 3817 1143 3868 ad
1170 3831 1252 3886 quarn
1270 3821 1353 3884 petens

277 3887 396 3958 quisque
419 3889 550 3957 pertinet,
585 3897 614 3943 et
632 3889 708 3961 quod
730 3891 883 3960 Imperator
901 3889 1072 3958 subscripsit.
1108 3885 1257 3940 Domestici
1274 3890 1354 3939 eutem

277 3964 306 4008 et
319 3965 488 4025 protectores
507 3961 577 4012 firsnt
595 3961 642 4015 ric.
678 3960 754 4016 Olim
772 3975 872 4030 nempe
889 3977 947 4011 mos
967 3967 1034 4024 erat,
1053 3965 1085 4010 ut
1101 3973 1151 4027 per
1168 3957 1254 4009 solam
1271 3953 1353 4005 adora·

275 4026 381 4096 tionem
405 4030 618 4100 investirentur
644 4047 719 4086 nnuc
745 4041 840 4087 autem
858 4031 972 4104 expedit
989 4031 1142 4101 imperator
1167 4025 1352 4100 probatorium,
