3042 4825
253 171 340 257 628
458 196 743 306 cousrlnunr
764 151 1136 266 rouurnocsnur

253 354 408 435 κατ’σαρος
428 350 473 426 εἷς
493 348 530 414 τό
553 353 666 435 σχῆμα
685 355 741 436 τῆς
758 335 944 435 βασιλείας,
974 353 1122 436 ἕποιἠσεν
1143 345 1253 429 οὕτως.
1293 377 1360 435 με·

253 451 386 534 ’τεστάλη
408 447 426 514 ό
447 451 649 536 πατριάρχης
677 455 734 516 καί
758 451 789 516 οἱ
809 455 863 536 τῆς
890 449 1080 535 συγκλήτου·
1096 449 1219 529 πάντες.
1259 453 1360 520 καλά
1513 447 1514 452 ¹

251 551 313 632 μὲν
340 543 544 633 πατριάρχης
571 549 718 635 εἰσῆλθεν
748 549 831 636 πρός
858 547 1092 634 τὸνβασιλέα,
1123 548 1278 637 παρόντος
1298 555 1362 616 καί

252 652 501 714 Κωνσταντίνοο
524 645 682 714 δεσπότου
710 653 770 716 τοῦ
802 649 903 718 αὐτοῦ
922 653 1054 736 γνησίου
1077 652 1234 738 α’δελφοῦ.
1275 651 1358 736 ἡδὲ

251 746 332 833 εάχῆ
354 749 475 832 ἐγένετο
497 749 533 812 ἐν
552 751 596 837 τῷ
618 748 697 838 άγίιρ
718 745 870 839 Στεφάνῳ
891 752 949 835 τῆς
969 747 1119 838 Δάφνης,
1142 749 1200 816 καὶ
1217 748 1380 838 ε’πῆρθη,5

253 841 332 934 όπερ
353 842 465 935 ἐφόρει
487 850 700 929 καμελοιόκιον
722 845 739 915 ὁ
760 859 895 935 καῖσαρ,
918 846 981 914 αἰιό
1002 853 1058 935 τῆς
1077 853 1220 938 κεφαλῆς
1240 851 1354 932 odacri,

250 950 309 1016 soi
340 950 510 1033 περιετὲθη
539 942 628 1036 αότιῆ
656 947 676 1012 ό
704 947 871 1030 βασιλικός
900 953 1076 1036 στέφανος,
1109 952 1219 1034 Δαβὶά
1244 951 1280 1014 δὲ
1309 951 1356 1035 τῷ

254 1044 391 1137 δεσπότῃ
418 1045 530 1133 ἑτέρας
550 1043 649 1133 εόχῆς
669 1053 857 1134 γενομένης,
888 1046 1043 1134 ἀνήγαγεν
1063 1051 1109 1127 εἰς
1128 1042 1188 1135 τῆν
1204 1051 1263 1117 τοῦ
1282 1051 1355 1112 καί·

105 1169 358 1235 Ει1,ι.363σαρος
391 1147 501 1230 α’ξόαν,
537 1150 661 1225 trebie
682 1151 770 1236 αὐτῷ
789 1149 825 1214 τό
849 1147 930 1214 αότό
950 1146 1174 1232 καμελαόκιον.
1214 1143 1275 1214 εἷθ’
1295 1143 1352 1211 οό-

29 1276 35 1294 ·
105 1265 322 1326 Μι.τι3.ιτοις
356 1245 596 1333 μετεστάλησαν
622 1246 704 1314 κατά
735 1247 771 1314 τό
794 1248 869 1326 ἔθος
897 1251 928 1316 οἱ
956 1246 1157 1326 ἐνδοξότατοι
1177 1247 1335 1335 πατρίκιοι
1342 1279 1401 1332 ,10

254 1351 312 1415 καὶ
335 1351 486 1432 εἰσῆλθον
514 1351 549 1414 ἐν
578 1351 624 1438 τῷ
644 1349 841 1439 αόγουστέρ,
873 1352 929 1414 κατ’
957 1350 1104 1428 ἐδέξαντο
1124 1346 1180 1414 τόν
1199 1371 1235 1414 τε
1253 1351 1353 1434 μέγαν

254 1449 409 1533 βασιλέα,
445 1445 561 1530 ὁμοίως
589 1449 646 1512 κατ’
670 1448 746 1524 τοός
774 1449 876 1514 ου’τοῦ
897 1446 1005 1530 vinde,
1034 1445 1190 1535 παρόντος
1216 1449 1274 1514 καί
1294 1450 1353 1514 τοῦ

255 1549 418 1634 καίσαρος.
459 1545 552 1631 ῆνίκα
569 1540 628 1613 οόν
648 1551 784 1634 ἐξῆλθον
803 1547 917 1625 πάντες
937 1547 968 1614 οἱ
990 1546 1053 1614 dni
1068 1541 1199 1614 ὖπάτιον
1217 1547 1274 1612 καί
1294 1551 1353 1622 ἕως

254 1649 321 1712 τοῖν
341 1648 558 1733 ῖλλουστρίοιν,
579 1645 717 1733 ἔστησαν
738 1649 784 1723 εἰς
804 1647 844 1712 τά
865 1643 1024 1735 γραδῆλια
1045 1651 1099 1733 τῆς
1119 1641 1226 1731 άρέας.
1266 1647 1354 1731 η’νοό-

253 1749 385 1830 χθησαν
411 1747 447 1811 δὲ
476 1745 534 1811 καὶ
559 1745 595 1812 αἱ
621 1745 721 1812 πάλαι
748 1750 807 1812 τοῦ
830 1739 974 1833 ἅρματος
999 1747 1057 1810 καί
1082 1748 1231 1830 εἰσῆλθον
1250 1740 1404 1825 πάντοτέ

255 1842 298 1908 τά
319 1847 411 1928 σι’γνα
442 1849 500 1911 κατ’
530 1847 565 1911 οἱ
591 1848 709 1930 σχολαὶ
735 1850 793 1912 καί
820 1847 850 1911 oi
879 1849 985 1931 δῆμοι.
1026 1849 1216 1930 συνεξῆλθεν
1236 1845 1273 1910 δὲ
1294 1843 1356 1909 αό-

255 1954 322 2022 τοῖς
346 1947 403 2010 καλ
421 1945 440 2010 ό
463 1941 683 2032 πατριάρχης,
712 1946 770 2011 καί
795 1942 921 2013 πάντων
940 1943 1204 2032 εόφημησάντων,
1218 1958 1221 1964 “
1234 1941 1357 2019 edidere

258 2041 356 2133 άιιῆει
374 2047 410 2110 ἐν
429 2050 469 2134 τῆ
489 2045 648 2134 ἁγιωτάτῃ
668 2044 791 2134 μεγάλῃ
811 2047 957 2136 ἐκκλησίᾳ
976 2043 1058 2128 μετά
1078 2049 1140 2110 τῶν
1159 2045 1273 2109 τέκνοιν
1294 2043 1357 2109 od-

231 2149 337 2226 Βτοῦ,
368 2145 424 2209 καί
445 2142 548 2210 πάντα
569 2145 649 2211 κατά
673 2143 709 2211 τό
734 2143 810 2221 ἔθος
831 2145 949 2229 ἐγένετο
970 2144 1027 2210 soi
1039 2147 1074 2210 ἓν
1093 2147 1133 2232 τῆ
1153 2146 1236 2232 αὐτῇ
1254 2141 1356 2230 μεγά-

256 2248 296 2330 λη
315 2243 471 2332 ἐκκλησίᾳ.
1357 2277 1397 2322 20

718 2364 825 2428 Klio.
846 2357 902 2446 κη’.

445 2483 524 2551 Περὶ
542 2480 708 2550 προκένσου
725 2482 778 2532 rori
799 2480 831 2533 ἐν
848 2484 881 2550 τῇ
898 2478 1009 2551 μεγάλη
1029 2478 1172 2550 ἐκκλησίᾳ.

342 2580 418 2668 Χρῆ
437 2582 566 2664 εἰδέναι,
587 2581 633 2658 ὥς
654 2582 696 2667 τῇ
716 2577 826 2669 πρώτῃ
846 2583 905 2645 τοῦ
923 2576 1138 2665 Ἰαννουαρίου
1159 2578 1271 2665 μηνός,
1293 2581 1356 2645 ι’νό.

259 2736 475 2791 Arcessebantur
522 2733 655 2787 atriarcha
683 2740 816 2803 totusque
843 2742 963 2788 senatus.
1009 2734 1163 2787 Petriarclaa
1182 2735 1217 2786 od
1234 2734 1355 2803 impera-

258 2816 347 2861 torem
364 2752 561 2870 couveniedlst,
609 2812 734 2857 raesente
753 2806 811 2857 eius
839 2804 971 2877 [Heraclii
990 2804 1122 2877 iunioris]
1151 2806 1256 2866 fratre,
1280 2805 1354 2856 Cou-

257 2879 381 2931 stantino
410 2876 534 2945 despota„
604 2873 673 2927 ratio
699 2882 728 2925 et
750 2876 910 2929 benedictio
938 2892 1020 2944 super
1047 2876 1164 2929 creando
1188 2878 1355 2945 Imperatore

257 2947 345 2999 fiebat
362 2947 475 2999 insede
494 2948 520 2999 S.
539 2946 587 2998 Ste
607 2945 674 2996 haul
694 2944 833 3013 Daphnes.
859 2948 930 2999 Tum
950 2945 1133 2998 ouil'erebatur
1150 2946 1355 3007 camelaucinun

258 3017 336 3089 quod
359 3018 478 3080 Caesar,
501 2964 662 3077 Heraclius,
686 3018 817 3085 gerebat,
843 3034 876 3069 ex
896 3018 955 3069 eius
975 3019 1081 3084 capite,
1110 3024 1139 3068 et
1164 3018 1354 3084 circumpone·

257 3086 341 3141 batur
364 3088 419 3157 ipsi
442 3104 542 3141 corone
561 3087 720 3154 imperialis.
762 3088 836 3140 Illud
855 3089 944 3157 ipsum
963 3104 1027 3139 vero
1047 3088 1242 3140 camelaucium
1265 3090 1355 3156 impo-

258 3155 347 3211 nebat
370 3157 526 3228 patriarche
552 3156 652 3209 Davidi
683 3157 828 3227 despotae‚
855 3158 941 3210 altera
965 3158 1097 3227 peculiari
1124 3174 1186 3210 eum
1212 3159 1242 3209 in
1273 3158 1356 3212 linea

259 3226 334 3280 dicta
353 3230 496 3293 oratione3
524 3244 612 3299 eoque
630 3228 716 3280 fiebat
732 3230 755 3279 is
774 3230 880 3282 Caesar.
925 3230 965 3280 Eo
989 3226 1060 3280 iacto
1086 3228 1294 3280 arcessebantur
1318 3226 1355 3277 il-

258 3299 418 3353 lustrissirni
443 3300 553 3368 patricii
587 3316 636 3367 pro
660 3315 753 3361 more,
776 3302 824 3369 qui
842 3306 1003 3369 augusteum
1021 3298 1136 3367 ingressi
1155 3314 1282 3367 maguum
1299 3298 1355 3349 lrn-

261 3377 418 3443 peratoreua
433 3378 462 3422 ct
477 3370 537 3423 eius
555 3368 637 3430 filios,
652 3370 791 3421 iuniorem
809 3370 1005 3440 Imperatorem
1022 3378 1105 3438 atque
1129 3368 1270 3421 Caesarem
1283 3407 1291 3431 ‚
1306 3383 1355 3417 re-

262 3442 441 3493 nerabantur.
482 3440 588 3509 Egressi
613 3438 743 3509 deinceps
771 3456 865 3493 omues
890 3459 905 3492 a
930 3438 1090 3493 consulibua
1118 3438 1183 3491 iude
1210 3456 1297 3509 usque
1321 3436 1356 3489 ad

263 3512 387 3565 illustres
405 3509 596 3563 consistebant
613 3510 643 3561 iu
660 3510 790 3578 gradibus
815 3528 914 3577 ereae;
940 3510 1135 3581 aperiebantur
1158 3517 1252 3579 portae
1270 3526 1356 3563 arms·

174 3614 179 3622 ι
262 3582 314 3645 tis,
339 3592 368 3635 et
385 3580 528 3634 intrabant
544 3581 636 3633 omnis
656 3582 732 3651 signa
753 3588 782 3632 et
803 3580 913 3635 scholae
932 3590 960 3633 ct
978 3582 1120 3638 sactiones.
1157 3580 1244 3632 Simul
1265 3578 1358 3631 exibat

262 3670 375 3736 quoqne
403 3650 560 3721 patriarcba
589 3666 650 3701 cum
677 3650 844 3719 imperatore
874 3660 904 3705 et
930 3653 988 3704 eius
1017 3652 1100 3712 tiliis,
1124 3657 1153 3702 et
1181 3650 1233 3701 sub
1261 3650 1356 3701 faustis

262 3739 386 3777 omarum
403 3721 644 3775 acclamationibus
671 3720 768 3774 obibat
785 3722 917 3777 contiuuo
939 3723 969 3774 in
990 3738 1114 3794 magnam
1132 3720 1291 3785 ecclesiam,
1308 3719 1356 3773 ubi

261 3798 367 3866 pariter
392 3794 486 3848 omnia
504 3810 539 3846 ex
558 3792 614 3845 ritu
638 3790 751 3845 fiebant

740 3892 813 3949 CdP.
837 3898 881 3953 as.

504 4002 546 4056 De
562 4003 738 4073 processione
756 4002 788 4053 in
806 4018 934 4071 magnam
952 4000 1105 4055 ecclesiam.

336 4105 631 4175 cumdicharium,
660 4106 814 4163 indictione
835 4102 1017 4173 duodecima,
1044 4104 1085 4182 [Α.
1101 4104 1131 4161 C.
1145 4101 1217 4179 dipl
1238 4104 1357 4161 iaciebat
