3042 4825
238 194 321 281 τοῦ
454 163 723 292 coutimur
751 223 1115 295 rommoeuum
1179 214 1189 232 ‘

231 375 430 460 δδῆμαρχσς
442 377 491 465 rp'i
499 379 628 459 βασιλεῖ
645 377 844 465 λιβελλδριον
876 379 933 446 καί
953 382 1100 463 διασώζει
1121 380 1327 467 τὸνβασιλέα

231 472 266 542 ri
283 471 361 538 αδτὸ
376 476 474 559 μέρος
486 477 586 574 μέχρι
599 477 656 561 τῆς
669 475 797 563 πρώτης
810 480 958 565 καμάρας
972 481 1030 546 ceri
1044 475 1222 568 ξηρολδφὸυ
1230 531 1242 564 ,
1264 505 1327 569 φο-

232 575 363 661 ροῦντος
384 574 441 638 τοῦ
459 573 627 660 δημάρχου
648 575 788 658 χλανίδα
811 579 986 666 Πρώσινσν.
1016 582 1073 646 καί
1092 580 1150 666 τῆς
1162 583 1325 666 πολιτικῆς

207 670 269 738 Bw*
284 673 381 768 μέρος
394 675 457 737 τών
469 676 614 740 Βενέτοον
629 675 777 758 δέχονται
789 675 842 744 τὸν
864 679 997 761 βασιλέα
1019 683 1055 745 έν
1068 681 1109 767 τῇ
1123 680 1250 768 καμάρα
1264 677 1326 744 τοδ

233 767 426 858 ξρρολόφου,
457 775 631 858 φοροῦντος
650 777 711 838 τοῦ
736 775 903 864 δημάρχου
925 779 1064 859 χλανίδα
1086 780 1235 861 Βένετον,
1254 779 1348 846 δατ-5

234 871 345 935 διδουσι
372 870 408 935 δέ
429 873 475 959 τῷ
496 875 625 954 βασιλεῖ
648 874 862 960 λιβελλάριον,
891 874 947 942 καί
975 873 1187 957 διασώζουσιν
1209 876 1250 949 οἱ,
1265 878 1326 942 τοῦ

231 973 352 1055 μέρους
383 968 439 1034 τδν
466 971 601 1053 βασιλέα
626 975 725 1061 μέχρι
753 974 809 1059 τῆς
831 975 931 1061 μέσης
955 977 1015 1041 eci
1035 975 1228 1064 ξῆρολδφοιι·ι
1266 978 1326 1062 τῆς

142 1135 144 1149 ,
171 1135 177 1146 ,
232 1071 393 1154 πολιτικῆς
425 1066 460 1134 τδ
501 1071 596 1158 μέρος
623 1073 686 1138 τών
719 1073 895 1159 Πρασίνιον
922 1076 1072 1159 δέχονται
1101 1071 1160 1142 τδν
1191 1077 1326 1159 βασιλέα

232 1170 268 1236 έν
302 1173 340 1256 τῇ
361 1169 443 1258 μέσῃ
470 1172 530 1234 τοῦ
557 1169 731 1259 ξρρολόφου
763 1172 819 1240 καί
845 1173 1058 1256 διασώζουσιν
1098 1171 1200 1242 ιιδτδν
1226 1174 1326 1261 μέχρι
1367 1232 1374 1253 .

231 1270 291 1334 rori
319 1265 405 1351 βοός.
443 1267 498 1356 τῆς
530 1273 687 1358 πολιτικῆς
715 1269 750 1338 ιδ
783 1274 881 1360 μέρος
908 1276 971 1341 τών
999 1277 1144 1342 Βικέτιον
1179 1273 1370 1355 δέχονταιιο

231 1364 287 1434 riv
306 1369 439 1450 βασιλέα
452 1369 487 1433 έν
509 1370 557 1458 τῆν
576 1370 633 1452 βολ·
656 1370 713 1437 καί
733 1370 927 1452 διασώζουσι
946 1375 1044 1460 μέχρι
1062 1373 1119 1438 τοῦ
1150 1372 1328 1459 δμαοτρια-

233 1469 307 1549 κοῦ,
339 1463 396 1532 καί
415 1468 542 1551 δέχεται
569 1471 668 1536 ἐκεῖσε
691 1467 708 1538 δ
731 1467 934 1555 έκσκοδβιτος
959 1470 1041 1556 μετὰ
1068 1474 1127 1538 τοῦ
1156 1472 1328 1557 περατικσῦ

233 1565 352 1652 μέρους
372 1569 434 1632 τών
448 1571 624 1654 Πρασίνων
633 1621 644 1654 ,
677 1569 733 1636 καί
746 1572 957 1651 διασώζουσιν
979 1569 1075 1638 atro
1087 1571 1186 1656 μέχρι
1197 1570 1257 1634 τοῦ
1271 1591 1326 1655 φι-

234 1666 418 1752 λαδελφίαν·
447 1667 509 1732 τών
523 1671 701 1754 ιτερατικών
726 1670 835 1757 μεροῖν
857 1672 1003 1738 Βινδτιον
1024 1668 1169 1755 δέχονται
1189 1664 1248 1734 τὸν
1265 1670 1326 1750 βα-

234 1769 325 1832 σιλέα
347 1767 382 1831 έν
401 1767 446 1854 τῷ
470 1769 666 1859 φιλαδελφίφ
705 1772 760 1833 κατ’
794 1766 988 1849 διασώζουσι
1006 1771 1106 1854 μέχρι
1125 1769 1181 1832 τοῦ
1199 1757 1368 1850 poitiers

205 1866 289 1950 (λτῆς
309 1867 471 1950 πολιτικῆς
492 1861 527 1929 τὸ
549 1868 646 1952 μέρος
668 1868 732 1933 τών
745 1870 924 1954 Πρασινοον
948 1871 1097 1952 δέχονται
1118 1864 1174 1932 τδν
1193 1864 1327 1949 βασιλέα

111 1993 114 2000 ·
235 1965 271 2030 ἐν
285 1966 329 2052 τῷ
341 1962 442 2053 μοδίιρ
471 1964 527 2028 καί
551 1965 744 2046 διασώζουσι
765 1966 865 2055 μέχρι
888 1972 949 2033 τοῦ
971 1964 1108 2052 ταύρου,
1128 1965 1275 2030 neuwen
1288 1958 1325 2029 εδ

234 2063 333 2148 μέρος
355 2065 411 2148 τῆς
433 2068 592 2152 πολιτικῆς
612 2067 675 2130 τών
694 2067 839 2132 Βενέτων
863 2062 1013 2144 διασώζει
1030 2068 1130 2150 μέχρι
1148 2065 1212 2130 τών
1232 2058 1327 2149 ἄρτο-

235 2162 365 2228 πολίοον.
399 2155 463 2229 εἶθ’
477 2158 578 2242 οδτοος
597 2161 632 2231 τὸ
652 2165 752 2250 μέρος
772 2167 837 2230 τών
858 2167 1035 2250 Πρασίνοιν
1058 2159 1209 2240 διασώζει
1227 2164 1326 2246 μέχρι

234 2261 295 2326 τοῦ
318 2258 430 2348 φόρου·
463 2256 529 2328 εἶδ’
543 2257 644 2341 οδτως
667 2261 705 2328 τὸ
729 2266 825 2350 μέρος
845 2265 910 2329 τών
928 2265 1070 2331 Barim
1088 2265 1145 2347 τῆς
1164 2259 1370 2344 πολιτικῆςεσ

235 2360 333 2445 μέχρι
363 2361 422 2432 roi
450 2363 646 2449 πραιτωρίου
677 2360 734 2429 καί
752 2363 848 2429 πάλιν
867 2365 966 2449 μέχρι
985 2364 1043 2430 τοῦ
1063 2363 1184 2447 μιλίου·
1228 2361 1325 2446 μέρος

235 2461 377 2525 Βενέτοον
402 2462 460 2545 τῆς
477 2466 638 2547 πολιτικῆς
658 2467 756 2547 μέχρι
777 2465 835 2548 τῆς
857 2461 1006 2550 καμάρας
1029 2465 1090 2527 τοῦ
1110 2462 1229 2545 μιλίοιι·
1266 2462 1326 2544 τῆς

235 2557 395 2645 πολιτικῆς
415 2555 449 2625 τὸ
469 2558 567 2647 μέρος
591 2563 655 2627 τών
675 2563 821 2629 Βενέτοιν
844 2564 987 2646 δέχονται
1010 2559 1067 2627 τὸν
1087 2562 1222 2646 βασιλέα
1235 2558 1327 2649 έντῆ

237 2654 353 2747 μιλίφ,
382 2650 480 2744 ῆγουν
501 2660 537 2726 δν
557 2662 594 2749 τῆ
608 2659 753 2751 καμδρρι,
782 2663 840 2726 καί
852 2660 1045 2739 διασώζουσι
1056 2665 1156 2747 μέχρι
1168 2660 1227 2725 τοῦ
1239 2682 1327 2744 μορ-

236 2760 398 2847 μαρωτοῦ·
437 2761 502 2825 τών
523 2761 702 2847 περατικών
723 2762 834 2850 μερών
849 2763 1024 2850 Πρασινιον
1037 2760 1185 2843 δέχονται
1196 2754 1252 2824 τὸν
1263 2761 1368 2843 eor-25

305 2908 332 2977 4.
357 2909 391 2963 τδ
414 2912 502 2987 μέρος
529 2916 599 2969 coni.
624 2916 670 2979 ii,
693 2916 747 2969 τοδ
808 2930 876 2988 ρους
900 2914 944 2969 ed.
1082 2907 1172 2965 αδτσῖν
1201 2910 1263 2981 ξαρ·
1279 2904 1327 2969 ed.

307 2985 333 3038 8.
352 2988 381 3034 ei
401 3001 439 3040 ιο.
458 2984 515 3069 rori
525 2987 632 3057 μέρους
648 2984 689 3039 εδ
747 3002 757 3040 ι
805 2987 895 3058 μέρος
911 2986 969 3039 τών
986 2983 1056 3039 ocul.
1076 2981 1106 3037 tt
1334 2989 1337 3002 '

239 3087 398 3157 excipiunt,
423 3086 473 3141 ubi
489 3088 648 3143 demarchus
662 3088 790 3143 libellum
804 3089 965 3159 Imperatori
981 3090 1075 3150 offert,
1102 3082 1224 3170 eumque
1241 3080 1328 3136 factio

238 3156 333 3213 erdem
351 3158 386 3211 ed
402 3161 518 3228 primum
537 3176 669 3212 cumeram
685 3158 831 3230 xerolophi
844 3159 981 3228 perducit,
1000 3158 1112 3209 tribuno
1126 3165 1246 3208 comem
1261 3155 1327 3206 Pre-

114 3250 118 3259 ·
237 3230 324 3281 riuum
345 3236 474 3299 gertoute.
509 3231 617 3283 Poiitici
640 3230 764 3283 Venetae
792 3230 941 3292 iectionis,
972 3230 1049 3280 cuiue
1076 3228 1204 3297 princepe
1226 3222 1325 3275 hubitu

236 3297 344 3352 Veneto
362 3300 550 3369 insignirent,
580 3301 774 3369 Imperatorem
793 3301 824 3352 irr
850 3316 957 3352 camere
976 3297 1122 3367 xerolophi
1147 3294 1270 3365 exeipit,
1297 3290 1327 3344 ei

236 3369 365 3423 libellum
382 3370 482 3433 trudit,
501 3371 655 3424 factionarii
676 3378 769 3423 eutem
786 3368 823 3423 cd
846 3368 968 3422 medium
985 3366 1129 3437 xerolophi
1152 3366 1325 3418 comitantur.

236 3440 346 3493 Politici
363 3442 488 3494 Prasinue
510 3442 541 3493 iu
569 3440 660 3494 medie
681 3439 829 3511 xerolophi
846 3449 990 3510 exceptum
1015 3436 1051 3489 od
1078 3438 1168 3490 iorum
1183 3435 1263 3489 bovi·
1277 3430 1328 3484 ‹ie-

238 3509 348 3563 ducuut
385 3512 428 3563 ibi
447 3528 510 3565 eum
530 3511 640 3581 politici
656 3512 825 3567 Venetorum
844 3512 986 3581 excipiunt
1021 3516 1051 3561 et
1073 3508 1108 3561 ad
1133 3506 1327 3559 umeouiuuum

236 3598 324 3651 utque
343 3580 462 3645 ducunt,
480 3582 528 3635 ubi
542 3599 604 3634 eum
618 3582 762 3637 excubitor
783 3598 845 3634 cum
864 3581 1023 3637 nancitorie
1048 3576 1219 3632 Praeiuorum
1245 3571 1328 3627 turbe

239 3652 342 3721 exeipit
372 3661 401 3705 et
426 3651 462 3705 ed
480 3652 700 3725 philadelphium
716 3670 805 3741 uepue
820 3652 1004 3774 proserpuitur.
1038 3646 1328 3703 Treueitorioveuete

151 3783 154 3792 Ι
240 3722 435 3790 imperatorem
449 3725 480 3775 iu
494 3722 688 3793 philadelphie
705 3724 810 3794 excrpit
831 3731 861 3776 et
889 3740 905 3773 ι
939 3721 1062 3774 modium
1077 3720 1170 3781 ducit,
1194 3716 1244 3769 ubi
1264 3730 1327 3766 eum

240 3794 349 3861 politici
373 3794 497 3847 Praeiuue
512 3796 654 3862 excipiunt
681 3803 709 3847 et
733 3794 768 3847 εδ
784 3802 892 3847 taurum
911 3792 1033 3853 ducunt,
1050 3789 1125 3842 unde
1141 3789 1257 3859 politice
1269 3785 1328 3840 Ve-

241 3872 366 3916 netorum
388 3864 469 3917 sectio
491 3862 526 3915 ari
539 3864 663 3919 tabernac
682 3866 817 3935 pictorum
831 3865 984 3919 comitatur.
1019 3860 1064 3913 Sic
1083 3861 1146 3913 eum
1161 3876 1244 3929 porro
1257 3856 1326 3909 rr·-

241 3934 300 3986 rinu
323 3935 406 3987 sectio
432 3934 587 3999 odiorum,
613 3938 727 4006 politico
738 3938 845 3989 Veneto
866 3934 902 3985 od
920 3934 1089 4003 praetorium
1113 3938 1144 3983 et
1174 3944 1265 3980 rurrur
1290 3923 1327 4010 cci

241 4006 357 4068 milium,
377 4006 482 4061 Veneto
492 4006 605 4075 politico
616 4005 650 4058 ud
659 4023 791 4061 cameram
802 4006 883 4068 miiii,
901 4004 1085 4073 prosequitur,
1109 3998 1216 4052 politici
1224 3998 1326 4048 Veneti

241 4075 431 4145 imperatorem
449 4077 478 4127 iu
496 4078 572 4129 milio
596 4094 644 4130 reu
666 4082 695 4130 in
719 4094 824 4131 comere
852 4076 993 4143 excipiunt
1023 4080 1052 4123 et
1071 4086 1159 4142 utque
1176 4067 1211 4118 αδ
1226 4068 1326 4147 iocum,

240 4164 373 4209 marmore
390 4149 587 4213 iucruetotum,
605 4148 723 4208 ducunt:
743 4147 793 4201 uiri
810 4163 873 4201 eum
888 4144 1044 4201 ιιουιίιοιίι
1060 4142 1231 4199 Prcriuorum
1241 4136 1325 4189 facito
