3042 4825
511 248 831 358 rememores.
1131 254 1234 315 ml

126 400 295 486 plerasque
314 398 441 465 mendas
462 412 493 463 ct
512 404 615 483 ipsum
634 401 725 463 illum
744 402 935 483 antiquitatis
953 401 1041 465 velut
1059 406 1152 465 utros
1169 404 1236 465 red·

4 538 5 563 l
127 502 205 563 dere
224 523 288 564 non
316 503 542 579 dubitaverim,
576 504 648 565 satls
676 500 793 563 habens
820 500 1003 585 emendandi
1031 505 1183 564 rationem
1201 507 1237 566 in

4 658 6 699 ὲ
126 604 359 665 comentur-iis
379 602 539 667 indicasse.
583 603 621 663 ln
650 601 828 663 adornanda
847 602 958 662 Latina
986 604 1238 685 interpretatione
1270 592 1278 609 ’

129 706 202 765 mvi
223 703 353 783 sedulo,
375 714 525 787 quantum
546 712 577 763 et
596 722 652 785 per
672 722 795 781 rerum,
817 722 895 784 qum
915 698 1036 762 Auctor
1050 714 1184 784 tractu,
1205 716 1238 767 et

4 826 6 839 =
127 824 190 885 per
208 802 376 883 dictionis,
402 824 463 887 qua
498 801 552 863 ille
572 804 645 863 satis
665 802 815 883 horrida,
850 822 887 862 ex
917 820 1005 863 more
1033 805 1081 863 sui
1109 805 1236 887 saecoli,

126 904 253 981 utimr,
268 903 486 967 obscuritatem
500 902 606 982 licuit,
620 911 656 963 ut
669 922 771 985 neque
784 923 805 963 a
818 900 987 965 verborum
1002 906 1151 965 sententia
1169 905 1237 965 abi-

127 1022 212 1083 rem,
233 1022 334 1088 neque
356 1004 534 1087 perspicuus
555 1023 656 1065 sermo
679 1001 915 1065 desideraretur.
943 1003 981 1063 ln
1002 1002 1237 1069 Commentariis

4 1172 5 1179 χ
127 1124 204 1165 cum
225 1105 322 1179 verba
340 1108 477 1191 ritusque
497 1112 616 1168 ueteres
636 1102 814 1184 illustrare,
836 1114 987 1187 qnantum
1007 1101 1092 1166 valui
1113 1116 1144 1166 et
1163 1108 1237 1167 sads

127 1208 192 1285 sit,
213 1206 330 1287 studui,
360 1218 429 1268 tum
455 1206 494 1267 de
513 1206 595 1267 veris
618 1226 742 1289 quoque
767 1204 1017 1267 membranarum
1040 1203 1235 1288 lectionibus,

125 1306 185 1385 ubi
206 1326 284 1390 opus
308 1318 407 1386 esset,
427 1306 597 1389 significare
618 1326 682 1367 non
700 1305 831 1389 neglexi.
874 1306 912 1367 ln
932 1305 1043 1369 breves
1062 1311 1235 1369 annotatio-

125 1428 184 1469 nes
216 1406 257 1469 cl.
289 1408 465 1469 Decessoris
495 1406 582 1479 mihi,
603 1417 726 1489 praeter
763 1405 941 1489 digestionis
969 1406 1132 1471 arbitrium
1157 1410 1236 1471 nibil
1329 1399 1334 1410 ’
1366 1467 1369 1474 .

122 1508 278 1589 arrogari.
320 1508 406 1587 Quas
429 1504 480 1569 ille
512 1506 611 1567 titulis
637 1506 784 1569 undecim
806 1504 981 1589 complexus
1008 1510 1040 1569 in
1062 1509 1237 1572 adversaria

124 1628 185 1685 eo,
209 1624 272 1691 quo
302 1604 399 1669 libros
433 1628 571 1691 quosque
593 1606 738 1691 legisset,
774 1606 885 1667 ordine
928 1610 1101 1670 coniecerat
1129 1611 1236 1672 obser-

4 1726 6 1733 ’
122 1710 286 1787 maone,
315 1728 366 1769 eas
399 1718 434 1769 nt
466 1706 551 1769 locus
580 1708 815 1792 quisqueferre
847 1716 941 1790 atque
968 1707 1126 1791 postulare
1147 1711 1237 1772 vide-

121 1807 238 1889 batur,
260 1810 304 1869 sic
327 1811 355 1868 ei
374 1808 624 1889 accommodavi,
645 1818 676 1867 et
694 1806 775 1867 telae
798 1828 887 1869 meae
919 1809 1048 1870 intexui.
1091 1811 1238 1889 Quorum

121 1908 290 1969 tiurlorum
306 1907 397 1988 duos,
415 1928 525 1989 unum,
547 1909 717 1991 quintum,
746 1928 781 1989 p.
807 1908 849 1971 28
875 1918 1054 1971 nostrornm
1077 1930 1235 1973 commen-

122 2010 302 2085 tariorum,
325 2006 468 2089 altemm,
497 2018 662 2085 octavum,
687 2026 722 2087 p.
743 2005 788 2090 94
818 2009 992 2089 speciminis
1018 2030 1126 2072 caussa
1151 2011 1238 2071 exbi-
1274 2024 1278 2031 ’
1312 2022 1319 2029 ’

120 2109 189 2185 bai,
212 2128 231 2169 e
251 2126 327 2191 quo,
356 2108 480 2189 quidet
500 2106 554 2167 ille
576 2109 610 2167 in
633 2105 752 2167 schedis
767 2106 939 2192 reliquerit,
967 2118 1000 2170 et
1025 2130 1064 2173 eo
1087 2122 1238 2195 apparatu

120 2207 280 2291 quomodo
302 2228 360 2268 nos
379 2209 427 2268 usi
443 2205 614 2283 lirerimus,
636 2216 766 2269 constet.

206 2306 259 2368 Ad
279 2306 372 2369 linem
387 2305 459 2367 libri
474 2308 568 2391 primi
587 2309 880 2369 commentariorum
890 2310 985 2373 telam
999 2312 1122 2396 abrupi.
1145 2315 1234 2393 Quae

117 2406 162 2472 ad
172 2408 344 2472 seeundum
366 2420 396 2470 et
411 2406 504 2491 primi
524 2406 724 2492 appendicem
745 2406 1160 2493 dicendo<supemnt,·0um
1181 2418 1233 2482 in.

117 2511 252 2590 dicibus,
272 2511 352 2572 sorte
366 2527 490 2592 quoque
509 2511 656 2591 excerptis
673 2507 820 2569 Chronici
841 2510 952 2571 Graeci
983 2511 1092 2574 inediti
1103 2515 1234 2578 Gaoatm

118 2609 324 2688 Hananrom,
343 2609 429 2692 quod
449 2613 481 2668 in
501 2607 609 2690 Ampl.
626 2607 756 2668 Senatus
772 2609 939 2690 Lipsiensis
950 2610 1142 2685 Bibliotheca
1153 2617 1234 2677 inter

120 2709 253 2772 Codices
276 2711 412 2771 Graecos
427 2729 522 2770 manu
543 2719 681 2769 exaratos
709 2710 881 2790 reperitur,
913 2709 1043 2794 dignum
1064 2710 1232 2796 aliquando

115 2809 219 2870 Leoni
237 2807 355 2871 Allatio
372 2811 495 2888 visum,
517 2807 601 2892 quod
621 2809 772 2870 Latinum
792 2807 907 2870 faceret
925 2821 956 2870 et
976 2832 997 2870 a
1023 2831 1057 2872 se
1078 2812 1233 2877 edendum

113 2911 332 2990 promitteret,
360 2908 422 2973 vid.
447 2909 569 2970 Fabric.
599 2907 678 2970 Bibl.
712 2909 824 2969 Graec.
851 2909 893 2968 T.
910 2908 970 2971 Vl.
986 2932 1020 2992 p.
1046 2911 1116 2989 154
1137 2926 1168 2976 et
1192 2917 1231 2984 Τ.

115 3011 162 3072 X.
187 3029 223 3090 p.
244 3007 318 3088 641.
341 3031 390 3086 ea,
413 3013 438 3072 si
458 3011 539 3070 tanti
558 3007 758 3086 videbuntur,
786 3009 913 3070 tertium
930 3009 1079 3072 volumen
1101 3014 1232 3096 implere

113 3119 275 3192 poterunt.
338 3107 390 3168 Ad
428 3119 611 3192 argumenta,
643 3109 803 3190 superiore
838 3109 1029 3191 praefatione
1068 3117 1229 3196 exposita,

114 3231 197 3292 quae
216 3207 428 3270 demonstrant
450 3203 656 3269 Cerimoniale
677 3206 737 3268 hoo
760 3219 830 3290 post
852 3207 935 3270 illins
954 3210 1161 3298 Constantini,
1177 3218 1230 3277 cui

113 3309 212 3392 vulgo
240 3307 338 3369 tribui
365 3305 455 3386 solet,
484 3317 625 3388 tempora
648 3307 807 3368 conditum
836 3307 941 3389 finus,
971 3309 1036 3375 duo
1060 3312 1138 3376 haee
1167 3314 1230 3378 alia

112 3409 210 3472 velim
233 3406 325 3488 addi3
355 3429 475 3488 unum,
502 3407 698 3470 Constantini
722 3409 851 3472 senioris
879 3421 979 3474 aetate
1015 3417 1047 3474 in
1074 3435 1133 3478 usu
1162 3437 1228 3480 non

114 3512 209 3572 fuisse
231 3508 489 3586 Prohcdrorum,
524 3529 618 3592 quom
642 3507 752 3570 titulus
784 3511 893 3592 capitis
913 3511 1016 3574 ultimi
1032 3513 1105 3576 libri
1132 3520 1228 3599 primi

116 3621 292 3688 memorat,
314 3609 508 3691 dignitatem,
531 3629 549 3669 a
577 3611 694 3671 loanne
711 3610 864 3672 Taimisce
882 3610 1010 3673 demum
1038 3635 1093 3675 sen
1115 3618 1227 3680 inven-

113 3725 201 3789 tam,
229 3731 284 3772 seu
305 3721 501 3772 revocatemr
534 3708 679 3788 alterum,
702 3731 736 3792 p.
759 3709 834 3794 575.
862 3710 905 3774 A.
932 3733 965 3796 9.
987 3712 1227 3781 Constantinum

115 3812 230 3874 Leonis
260 3807 378 3890 filium,
398 3802 559 3890 μακάριον
588 3809 755 3892 appellari,
785 3809 872 3894 quod
899 3812 1034 3895 elogium
1060 3837 1127 3880 non
1147 3819 1227 3884 solet

113 3915 174 3976 nisi
194 3913 261 3974 via
278 3909 430 3974 destructis
450 3909 559 3972 tribui.
603 3909 695 3992 Vale,
713 3909 825 3992 lector,
843 3923 875 3976 et
888 3913 998 3978 studiis
1012 3919 1127 3982 nostris
1140 3919 1222 3986 fave.

197 4011 263 4076 scr.
283 4031 388 4076 meuse
409 4013 553 4074 Ianuario
574 4011 617 4073 A.
641 4011 679 4076 C.
703 4011 794 4100 ¹7⁵⁴·
