3042 4825
293 247 350 312 un
375 243 573 313 marnoa.
607 244 744 312 aurae
773 241 944 311 aucam.
969 249 996 312 ι.
1015 251 1069 318 ιι.
1174 218 1234 334 9³

138 398 287 490 τηῖζοάδῷ
301 401 365 465 τῶν
379 399 528 488 ἀργυρῶν
550 401 661 466 πυλῶν
678 399 738 464 nori
752 399 1029 487 χρυσοτριιιλίνοσ.
1072 397 1143 490 (Β.)
1164 400 1238 468 Κατ’

137 497 247 586 tator
271 493 369 576 αὖθις
391 501 492 582 νεῦμα
510 497 527 564 δ
547 496 752 585 πραιπδσιτος
777 497 864 586 παρά
882 502 940 564 τοῦ
957 498 1129 582 βασιλέως,
1149 499 1236 565 νεάιι
1308 489 1313 499 “

138 601 181 688 τῷ
196 597 364 688 ἀστιαρίιρ,
386 593 526 678 κάκεῖνος
549 598 657 665 νάσσει
681 598 717 664 τὸ
738 599 838 686 βῆλον
853 597 932 682 μετά
950 601 1008 682 τῆς
1026 595 1150 685 χειρδς,
1178 601 1236 667 κατ’

140 697 287 785 αἴρουσιν
308 695 385 764 usito
408 693 548 786 άπερδεν
566 697 781 784 σιλεντιάριοι.
823 696 880 763 καί
900 697 1079 784 εἰσέρχεται
1104 693 1159 762 διά
1175 699 1235 763 sori

118 797 317 886 δάριστεροδ
334 799 455 884 μέρους
471 801 531 863 τοῦ
548 796 813 884 χρυσοτριιιλίνου
834 799 931 883 βῆλον
948 793 990 880 ά,
1010 802 1267 882 μητροπολῖταιλ)

146 894 203 962 καί
222 897 407 980 ἐπίσκοποι,
445 894 500 962 καί
519 895 648 974 στάντος
670 898 729 960 τοῦ
751 895 914 982 ὀστιαρίου
931 893 995 959 aino
1016 891 1052 960 τά
1074 896 1237 980 εἰρημένω

144 997 260 1081 δῆλον,
281 993 449 1062 πίπτουσιν
467 993 497 1060 οἱ
513 989 609 1060 οὗτοί
616 1045 627 1078 ,
654 995 711 1060 καί
728 989 921 1072 ἀναστάντες
936 995 1118 1080 διέρχονται
1140 995 1238 1080 μέχρι

139 1097 195 1178 τῆς
221 1095 320 1180 μέσης
338 1098 398 1160 τοῦ
422 1097 590 1182 τρικλίνου.
640 1092 659 1158 o‘
681 1097 718 1160 ot
742 1093 905 1178 ἀστιάριος
924 1092 1154 1180 προπορεάεται
1176 1092 1237 1158 αδ-

140 1193 225 1275 ταῖν,
252 1192 309 1258 ιιοιέ
325 1191 427 1270 ἓστάς
445 1193 597 1260 ἀπέναντι
619 1197 679 1258 τοῦ
696 1191 887 1260 πολυελαίου
903 1195 963 1257 rosi
978 1193 1176 1279 κρεμαμένου
1199 1193 1237 1260 έν

102 1294 184 1381 torui
205 1296 293 1383 μέσῳ
316 1295 372 1378 τῆς
387 1297 513 1380 χρυσῆς
534 1293 706 1380 τραπέζης,
728 1290 903 1358 πιπτόντων
921 1289 957 1357 τὸ
975 1292 1122 1379 διάτορον
1135 1294 1237 1358 hetae

140 1390 198 1457 καί
211 1389 421 1476 ἀναστάντων,
443 1393 635 1479 ἀπέρχονται
650 1393 706 1457 καί
722 1393 869 1457 ἵστανται
887 1392 941 1456 ἐπὶ
951 1393 1006 1475 τῆς
1017 1393 1143 1477 χρυσῆς
1156 1415 1238 1477 τρα-

139 1492 264 1575 πέζης,
292 1493 348 1556 ιιαέ
370 1490 504 1568 στάντος
525 1491 585 1557 τοῦ
601 1489 729 1574 πρώτου
751 1490 860 1561 αάτῶν
880 1487 1059 1576 ἔμπροσθεν
1074 1493 1131 1573 τῆς
1153 1513 1237 1575 χρυ-

140 1591 199 1672 σῆς
222 1590 399 1675 τραπέζης,
422 1587 575 1654 πίπτουσδ
591 1588 724 1672 πάντες,
746 1586 893 1673 λαβόντος
909 1591 947 1654 δὲ
970 1583 1041 1670 δ’,τι
1067 1591 1122 1672 τῆς
1138 1612 1237 1653 κατα·

141 1683 282 1764 στάσεως
306 1687 361 1752 καί
382 1686 400 1752 δ
421 1682 663 1774 ῥεφερενδάριος
680 1685 733 1754 τὸν
753 1689 881 1774 πρῶτον
904 1681 1027 1769 οὔτῶν,
1055 1679 1239 1773 ἀποφέροι·

103 1784 193 1850 15σιν
210 1781 308 1850 αὐτὸν
327 1783 406 1870 πρὸς
420 1781 473 1850 τδν
491 1789 649 1868 βασιλέα,
673 1788 729 1852 κατ’
744 1783 964 1873 προσκυνήσας
979 1782 1019 1850 τά
1039 1782 1162 1870 γόνατα
1180 1782 1378 1853 enimait

140 1881 202 1960 τοὶς
218 1892 332 1969 χεῖρας
350 1887 405 1950 τοῦ
420 1887 589 1967 βασιλέως,
610 1883 790 1965 ἀσπάζεται
813 1878 930 1968 αέτδν,
950 1883 1006 1950 καὶ
1025 1881 1162 1950 διελθιδν
1182 1880 1237 1951 διά

140 1984 202 2048 τοῦ
231 1985 338 2062 δεξιοῦ
359 1985 480 2068 μέρους
508 1985 637 2050 ἵσταται
655 1981 717 2048 ἀπδ
742 1993 807 2050 τῶν
831 1980 999 2070 ἀρχόντων
1021 1984 1079 2049 sot
1101 1985 1239 2067 ιιουβου-

140 2086 259 2146 τελείου.
296 2076 513 2164 ἀσπασάμενοι
532 2084 568 2146 δὲ
591 2082 646 2147 καί
660 2080 690 2147 οἱ
710 2081 905 2160 εἰσελθόντες
916 2080 1000 2164 μετά
1014 2082 1116 2148 ταῦτα
1130 2075 1235 2148 άπαν·

140 2203 195 2256 τες
209 2182 250 2268 τῇ
265 2177 350 2256 τάξει
366 2177 488 2268 ταύτῃ,
521 2179 713 2262 ἀπέρχονται
747 2184 805 2245 καί
822 2183 968 2246 δστανται
988 2175 1047 2246 ἀπ’
1066 2175 1171 2246 αάτοῦ
1187 2182 1367 2268 &fusim

99 2277 273 2354 οοεάθοιας
288 2273 423 2354 άπανιες
445 2281 480 2343 έν
497 2281 540 2366 τῷ
562 2281 652 2366 δεξιῷ
669 2279 771 2365 μέρει,
788 2277 833 2356 ὥς
844 2278 1040 2366 προείρηται.
1069 2281 1126 2345 καί
1140 2272 1238 2357 orfito

138 2375 280 2456 ἐξελθών
304 2375 322 2440 ὃ
342 2375 502 2463 ἀστιάριος
526 2371 588 2442 ἀπὸ
614 2375 804 2461 κελεάσειος,
835 2374 954 2463 εἰσάγει
973 2375 1028 2444 διά
1051 2378 1108 2443 τοῦ
1132 2377 1239 2461 δεξιοῦ

137 2478 261 2560 μέρους
285 2478 382 2561 δῆλον
400 2472 440 2559 β’,
470 2473 526 2542 ’τδν
551 2480 667 2563 κλῆρον
688 2480 746 2562 τῆς
768 2475 907 2563 μεγάλης
934 2476 1109 2562 ἐκκλησίας
1135 2500 1239 2564 προσ-

139 2574 333 2659 κυνήσαντες
363 2576 399 2640 δὲ
428 2576 484 2639 καί
512 2574 609 2639 attat
634 2574 752 2656 δμοίως
773 2580 814 2664 τῇ
837 2578 1047 2664 προειρημένη
1071 2576 1160 2655 τάξει
1179 2579 1239 2641 sot

140 2666 366 2755 ἀσπασάμενοι
380 2674 438 2740 τὸν
462 2677 618 2760 βασιλέα,
655 2670 852 2765 ἀπέρχονται
887 2673 945 2741 καί
967 2677 1112 2741 ἵστανται
1132 2674 1170 2741 έν
1189 2673 1237 2764 τᾷ

213 2864 237 2902 ι.
252 2846 286 2904 έν
301 2850 333 2921 τῇ
351 2847 410 2921 tto
424 2848 467 2906 ed.

138 2978 218 3031 aurei
240 2978 357 3031 triclinii
379 2984 442 3031 stat
493 2975 553 3051 (n.)
570 2977 670 3031 Rursus
687 2975 882 3048 praepositus,
909 2977 988 3049 signo
1009 2977 1044 3033 ab
1062 2979 1234 3050 Imperatore

135 3056 269 3119 accepto,
299 3050 441 3101 ostiarium
458 3048 606 3111 admonet,
631 3051 681 3119 qui
697 3048 789 3100 velum
805 3066 886 3100 manu
911 3050 1021 3119 pulsat,
1049 3049 1124 3122 quod
1144 3049 1234 3102 silen-

135 3120 218 3173 tiarii
235 3137 341 3173 sursum
362 3120 500 3173 attollunt.
537 3120 571 3170 Et
588 3122 675 3171 intrat
698 3136 748 3188 per
764 3120 906 3172 sinistrum
928 3122 1004 3172 aurci
1023 3120 1138 3173 triclinii
1160 3121 1233 3179 latus

137 3191 232 3245 vetum
250 3190 384 3259 primum,
408 3189 599 3259 metropolitae
617 3198 646 3243 et
661 3190 799 3259 episcopi,
821 3190 879 3261 qui,
897 3199 985 3243 sante
1005 3190 1057 3243 sub
1074 3191 1148 3243 dicto
1168 3189 1231 3242 velo

139 3262 275 3323 ostiario,
295 3261 436 3312 interram
453 3257 638 3331 procumbunt
661 3269 707 3323 et,
725 3268 868 3331 postquam
885 3277 1042 3325 surrexere,
1060 3261 1096 3315 ad
1109 3260 1232 3313 medinm

138 3330 256 3383 triclinii
275 3330 436 3397 procedunt.
473 3335 543 3382 Ante
559 3332 632 3398 ipsos
647 3332 774 3383 ostiarius
791 3331 963 3451 progreditur
990 3340 1018 3383 et
1045 3340 1109 3385 ante
1137 3332 1231 3384 lucer-

137 3416 204 3453 nam
223 3402 253 3452 in
273 3400 364 3453 medio
379 3416 479 3453 aureae
501 3416 609 3452 mensae
626 3400 768 3466 subsistit3
816 3402 825 3452 ἰ
835 3437 843 3464 ,
861 3410 1007 3473 postquam
1020 3400 1063 3455 tbi
1080 3401 1180 3455 iterum
1198 3401 1230 3453 in

138 3478 243 3523 terram
259 3468 438 3540 prociderunt
457 3480 485 3523 et
502 3486 660 3536 surrexere,
684 3472 790 3523 abeunt
811 3479 839 3523 et
856 3488 954 3524 aureae
974 3489 1087 3526 mensae
1110 3470 1231 3536 adstant,

140 3557 291 3612 eorumque
312 3542 436 3611 principe
459 3540 495 3592 ad
510 3557 618 3593 auream
635 3558 755 3594 mensam
774 3542 941 3605 constituto,
970 3559 1064 3595 ornnes
1079 3544 1109 3597 in
1128 3552 1231 3595 terram

138 3611 342 3680 procurabunt,
359 3612 566 3664 cerimonierius
585 3618 676 3663 autem
693 3621 722 3664 ct
735 3609 938 3665 referendarius
957 3614 1111 3684 principem
1132 3628 1231 3665 eornm

140 3680 177 3733 ad
195 3682 389 3751 Imperatorem
408 3682 564 3745 asiducunt,
591 3698 689 3753 quem,
721 3699 810 3753 genus
833 3684 892 3735 eius
912 3700 1063 3758 manusque
1081 3685 1234 3756 amplexus,

141 3752 262 3816 salutat,
282 3760 310 3805 et
331 3752 366 3804 nd
385 3752 510 3805 dextrum
524 3754 596 3805 latus
611 3750 746 3822 digressm
755 3792 768 3817 ,
785 3761 848 3823 post
866 3753 994 3807 cubiculo
1009 3756 1163 3823 praefectos
1180 3752 1233 3806 ad-

141 3828 202 3874 stat.
239 3822 323 3895 Quod
348 3832 494 3893 postquam
521 3821 623 3875 deinde
642 3840 753 3887 omnes,
778 3823 876 3878 eodem
893 3825 948 3878 ritu
972 3826 1106 3896 ingressi,
1131 3826 1235 3887 fecere,

140 3900 207 3962 post
219 3909 283 3945 euna
301 3893 332 3946 ia
350 3892 446 3947 dextra
462 3902 540 3964 parte
561 3901 593 3946 ut
611 3910 693 3965 supra
714 3894 819 3946 dictum
839 3902 882 3947 est
898 3894 996 3949 ordine
1010 3904 1090 3950 sunt.
1131 3896 1236 3948 Rursus

141 3978 264 4033 egressus
292 3964 420 4017 ostiarius
443 3964 620 4029 amandato,
667 3982 697 4016 er
725 3964 849 4018 dextram
872 3967 988 4019 triclinii
1013 3976 1120 4037 partem
1141 3966 1236 4019 return

140 4032 309 4096 secuudum,
337 4036 449 4087 clericos
468 4050 579 4104 magnae
598 3982 744 4099 ecciesiae,
764 4033 893 4088 adducit:
911 4038 960 4109 qui
979 4053 1039 4088 cum
1059 4040 1113 4106 ipsi
1132 4036 1236 4105 pariter

139 4102 237 4156 eodem
252 4107 311 4157 ritu
331 4106 529 4175 Imperatorem
547 4102 696 4157 adorarunt
715 4113 743 4157 ct
763 4106 930 4170 salutarunt,
964 4106 1069 4162 abeunt
1102 4108 1178 4159 etin
1195 4106 1237 4161 ei·

138 4174 227 4229 niara
246 4176 305 4229 eius
325 4176 443 4231 triclinii
459 4174 545 4231 latere
561 4184 626 4248 post
643 4175 766 4230 cubiculi
779 4176 934 4247 praefectos
953 4175 1074 4231 adauae.
1092 4176 1138 4231 sic
1149 4177 1238 4232 osttv
