3042 4825
311 140 369 205 10.
399 142 523 213 HENR·
552 138 701 221 fflcffll,
731 138 1041 211 commortuo.
1099 142 1226 211 mm

134 320 217 383 quae
227 296 414 373 occidentem
429 320 537 363 veram
551 301 658 361 micae
673 256 760 381 regni
774 296 952 383 amplissimi
964 300 1111 383 reliquiae
1122 286 1224 385 aaut,

134 387 248 465 partim
274 404 293 445 e
404 382 526 445 obardis
548 392 731 463 opcupatee,
762 386 876 465 partim
903 384 1110 465 ireqrreotffius
1131 385 1224 447 Sara·

136 488 283 527 cenorum
309 488 344 527 ex
406 466 480 527 frica
511 464 734 527 incursionibus
762 469 896 527 amitae.
945 467 1010 529 Nec
1035 472 1136 529 oriens
1163 472 1223 531 im·

134 562 236 611 anonis
254 561 338 627 erat,
359 570 430 611 curn
449 549 600 631 Scythicis
626 560 656 609 et
678 548 821 609 Arabicis
839 548 979 631 gentibus
1001 552 1131 611 inermes
1151 572 1226 634 μοι

135 635 274 713 vinciae,
295 644 326 693 et
345 654 464 715 semper
492 632 630 695 hostibus
655 634 825 711 expositae,
853 635 887 691 in
910 634 1042 713 pretium
1064 634 1135 695 belli
1158 656 1225 697 «ress⁴

135 717 257 793 ssent,
279 736 353 798 quas
372 716 485 777 bostra
500 717 609 777 Graeci
632 717 724 775 armis
746 714 952 796 repetebant,
972 715 1056 776 Inter
1074 716 1149 777 haec
1165 721 1225 778 mi-

137 819 209 857 rum
232 810 296 876 est,
318 810 432 880 quanto
453 798 553 859 studio
575 800 777 878 Imperatores
802 797 904 857 adnixi
928 800 1012 877 sint,
1032 810 1069 859 ut
1085 803 1227 861 maiestas

138 902 195 941 sua
219 893 248 941 et
262 885 395 963 potentia
408 882 580 943 veneranda
591 879 711 963 populis
729 900 766 940 ac
786 879 929 941 terribilis
947 892 1037 958 esset,
1060 902 1118 942 neo
1130 883 1227 943 baete

137 973 186 1023 rot
211 964 534 1041 calamitatibus„aut
564 967 744 1039 imminuta,
761 961 936 1026 uideretur.
979 964 1059 1024 Hinc
1089 964 1143 1026 ille
1166 970 1226 1027 mi·

138 1049 305 1107 nistrorum
336 1051 420 1131 regni
445 1064 624 1119 numerus,
655 1042 726 1103 hinc
752 1046 948 1189 triumphalia
978 1060 1159 1109 ornamenta
1195 1060 1228 1110 et

138 1150 289 1210 pompae,
310 1130 382 1191 hinc
402 1132 549 1187 circenses
570 1125 634 1185 ludi
653 1136 683 1187 ct
702 1138 843 1207 spectaco
855 1151 874 1188 a
896 1129 1015 1191 civibus
1034 1132 1136 1209 edita,
1154 1130 1227 1192 hinc

139 1232 301 1273 munaum
322 1210 460 1271 solennes
482 1211 691 1292 erogationes,
724 1222 755 1270 et
775 1213 801 1271 si
824 1232 904 1293 quae
930 1210 990 1273 alia
1015 1224 1068 1274 aut
1095 1216 1227 1297 principi

140 1294 249 1353 deeora
268 1304 321 1353 aut
344 1304 467 1374 accepta
488 1291 603 1374 vulgo,
640 1292 836 1373 putabantur.
887 1295 938 1356 Sic
955 1316 1030 1359 vero
1052 1308 1227 1381 temporum

142 1398 280 1437 successu
302 1377 452 1437 aerarium
474 1375 653 1435 exhaustum
676 1385 739 1453 est,
767 1387 799 1437 et
824 1376 957 1439 mollicie
977 1400 1014 1439 ec
1036 1383 1100 1439 otio
1126 1380 1228 1462 impe·

141 1470 242 1519 rantas
259 1467 291 1519 et
304 1459 431 1520 subiecti
449 1458 682 1521 contabuerunt.
704 1458 775 1519 Non
790 1460 866 1521 adeo
880 1472 982 1523 nmen
1000 1464 1148 1523 vinumm
1167 1475 1229 1523 sto-

141 1541 208 1603 rilia
235 1543 312 1605 haec
338 1541 438 1603 secula
465 1542 568 1620 fuere,
597 1552 633 1602 ut
662 1562 725 1601 oon
756 1553 788 1603 et
817 1543 899 1603 hona
921 1542 1057 1625 exempla
1084 1545 1229 1627 prodide-

141 1627 227 1703 rint,
248 1630 310 1687 imo
333 1624 480 1707 pluresB
518 1626 634 1687 antium
654 1624 783 1704 habuit,
803 1645 880 1707 qnos
901 1624 1026 1704 ltaliae,
1046 1628 1154 1689 snrdiis
1176 1626 1229 1688 lit·

140 1720 274 1769 mamm
294 1708 449 1791 qriondam
492 1709 724 1786 orentissunae,
745 1718 812 1767 tum
836 1707 891 1769 illo
910 1707 1033 1777 lumine,
1048 1704 1227 1789 destitutae,

141 1802 316 1873 opponeret.
358 1792 436 1851 Corn
460 1795 553 1870 enim,
574 1813 593 1853 a
619 1792 779 1853 iustiniani
800 1801 920 1868 cente,
941 1802 1021 1852 artes
1040 1797 1166 1875 antiqua
1185 1814 1230 1854 re·

142 1873 255 1955 ligione
283 1877 372 1957 pauci
401 1896 456 1958 per
478 1875 597 1935 ltaliam
624 1872 812 1952 excolerent,
841 1873 924 1955 quod
947 1874 1088 1952 barbari,
1159 1876 1228 1935 ibus

142 1968 208 2017 tum
230 1977 339 2040 parere
365 1959 547 2040 cogebatur,
576 1960 612 2018 iis
646 1961 764 2018 animos
792 1955 999 2037 effoeminari,
1030 1976 1065 2018 ac
1087 1958 1229 2019 belinam

142 2042 285 2101 virnrtem
307 2044 455 2123 opprimi,
477 2041 659 2119 ciedehant,
681 2042 809 2101 Graecia
826 2040 1031 2121 Procopium,
1054 2038 1229 2183 Appthiam,
1362 2116 1365 2119 ᾗ

144 2122 383 2202 Theophanem,
412 2126 575 2199 praestanti
599 2120 770 2181 eruditione
792 2124 893 2192 viros,
922 2120 1036 2178 extulit.
1117 2125 1143 2183 is
1166 2144 1230 2183 non

143 2206 242 2285 impar
263 2202 320 2263 fuit
340 2200 455 2261 Paulus
477 2199 687 2277 silentiarius,
707 2196 843 2279 pulchris
868 2196 1025 2279 doctisque
1044 2206 1231 2267 carminibus

145 2284 283 2363 inclitus,
305 2304 374 2345 cum
394 2304 503 2365 magna
525 2281 579 2343 illa
605 2282 725 2363 ingenia
752 2279 919 2341 dodamin
946 2278 1033 2341 ltalia
1052 2288 1231 2366 cessissent,

146 2380 175 2430 et
196 2371 356 2452 strepitum
386 2370 544 2450 pniitarum
573 2366 751 2428 Latinorum
780 2364 831 2424 vix
862 2384 898 2426 ea
926 2372 1083 2447 tempora,
1116 2370 1230 2450 quibus

146 2453 332 2536 prodibant,
370 2451 449 2511 ferre
467 2460 599 2533 possent.
638 2449 727 2524 Sed,
756 2457 792 2506 nt
809 2447 855 2506 'ad
881 2450 1026 2530 propiora
1049 2454 1227 2531 veniamus,

145 2541 213 2618 quis
238 2535 373 2612 Photio,
392 2534 446 2616 qni
466 2531 568 2594 Basilii
597 2531 774 2592 Macedonis
793 2541 922 2590 aetatem
945 2530 1129 2608 illustravit,
1160 2537 1230 2615 quis

146 2621 282 2678 omnium
302 2620 475 2700 principum
499 2618 615 2692 Leoni,
636 2616 684 2675 cui
705 2614 844 2672 doctrina
859 2625 890 2673 et
912 2624 1056 2694 paternus
1076 2615 1109 2674 in
1126 2615 1230 2678 Musas

145 2707 265 2762 anirnus
282 2701 430 2783 Sapientis
450 2719 617 2783 cognmnen
644 2695 782 2775 addidit,
803 2697 870 2756 iure
892 2708 1031 2776 possete
1070 2697 1232 2779 uiparari?

145 2787 182 2845 lo
210 2787 275 2844 eius
296 2783 420 2864 quidem
442 2783 547 2844 edictis
569 2779 817 2842 declamatorium
841 2782 942 2860 potius
963 2779 1051 2840 dicen
1074 2782 1080 2794 ‘
1109 2804 1204 2863 genus
1217 2791 1295 2861 ,hx

144 2889 238 2952 quem
260 2864 312 2926 illa
337 2867 468 2948 pavitas
486 2876 517 2924 et
537 2866 677 2923 maiestas
697 2863 861 2940 orationis,
883 2880 961 2943 quac
984 2864 1116 2944 antiquis
1143 2869 1233 2944 inest,

146 2948 409 3032 deprehenditurr
435 2946 488 3008 sed
515 2945 590 3006 baec
611 2945 738 3006 sortasse
759 2943 932 3024 temporum
956 2943 1064 3027 culpa,
1095 2958 1125 3006 et
1145 2951 1233 3030 quasi

146 3036 254 3116 genius
269 3031 392 3114 quidam
407 3029 477 3092 ibit.
519 3028 718 3090 Connantino
738 3027 1231 3113 Porphymgenito,1eonisfilio,
1362 3063 1368 3072 ·

147 3126 307 3197 acceptum
326 3113 461 3188 sommus,
477 3111 560 3194 quod
579 3122 698 3173 vetusta
718 3113 865 3172 memoria
884 3132 947 3170 non
965 3110 1057 3193 plane
1072 3114 1242 3196 interierit,'

147 3221 220 3260 cum
245 3195 373 3258 Diodori
405 3195 518 3270 Siculi,
544 3195 651 3256 Dionis
680 3195 796 3270 Cassii,
834 3192 984 3269 aliorum,
1016 3209 1233 3276 monumenta,

147 3283 259 3344 litteris
282 3280 404 3356 tradita,
430 3300 464 3340 er
486 3277 545 3338 illn'
559 3277 693 3360 palatina
713 3275 896 3338 bibliotheca
914 3279 947 3336 in
965 3274 1066 3336 lucem
1079 3289 1235 3362 utcunque

147 3361 312 3447 protulerit
322 3407 341 3448 ,Ι
353 3365 493 3445 princeps
516 3371 546 3422 e't
571 3363 636 3443 ipse
655 3361 773 3502 egregie
788 3360 895 3420 decors
914 3370 946 3418 et
960 3359 1148 3424 eruditorum
1169 3363 1235 3424 cul·

147 3459 200 3510 tor
232 3457 264 3508 et
289 3448 411 3508 antistes
436 3445 597 3506 maximus.
639 3443 697 3504 Sed
741 3463 758 3502 e
786 3443 975 3502 Constantini
1006 3446 1124 3524 scriptis
1147 3457 1178 3506 et
1203 3448 1237 3506 in

150 3532 248 3590 bonas
266 3528 381 3590 litteras
402 3531 517 3589 meritis
540 3527 711 3588 uberiorem
725 3527 885 3585 materiam
905 3525 973 3586 aliis
991 3527 1178 3607 temporibus
1194 3549 1238 3589 se·

172 3616 254 3688 nari,
275 3633 345 3674 cum
366 3611 484 3676 eiusde
498 3613 670 3672 cerimoniis
690 3607 971 3690 aulaeByrantinae
990 3629 1080 3689 opus,
1103 3613 1136 3669 in
1160 3611 1238 3672 duos

266 3696 433 3777 digestum,
455 3715 472 3754 e
495 3693 599 3755 codice
613 3691 813 3754 bibliothecae
832 3690 984 3771 publicae,
1000 3691 1032 3750 id
1052 3693 1135 3773 quod
1149 3696 1242 3754 maxi-

150 3801 201 3840 me
222 3799 304 3838 nunc
323 3775 447 3854 molior,
470 3776 539 3838 evul
578 3776 630 3836 bo.
673 3773 766 3834 Aetas
789 3775 866 3850 eius,
887 3776 1009 3856 siquae
1030 3773 1101 3854 alia,
1123 3778 1239 3858 magnis

42 3889 43 3904 r
152 3859 296 3942 exanplis
320 3860 404 3921 dives
425 3857 502 3922 fuit.—
567 3879 616 3918 am
639 3857 748 3934 Russi,
770 3855 945 3937 Turcique,
977 3857 1070 3918 sacris
1090 3857 1237 3919 Christia-

152 3947 201 4004 nis
219 3955 286 4004 tum
303 3946 435 4026 primum
459 3953 512 4002 aut
531 3943 653 4019 initiati,
675 3951 728 4000 aut
748 3937 838 3999 altius
860 3939 968 3998 imbuti
991 3951 1083 4018 sunt,
1104 3941 1240 4023 Bulgari,

43 4069 44 4077 η
154 4025 255 4087 rabdo
270 4033 301 4088 et
317 4027 501 4088 ferocissima
523 4047 608 4108 gens,
622 4034 690 4106 post
705 4019 785 4084 bella
807 4021 940 4104 phuIma
961 4031 991 4082 et
1014 4034 1151 4104 cruenta,
1169 4043 1239 4084 san-

191 4125 392 4182 comanam
414 4123 547 4196 l'nrplsyr.
568 4123 624 4176 Vol.
643 4121 667 4175 1.
978 4122 1043 4164 m
1121 4159 1124 4165 ,
