3042 4825
335 226 392 289 nn
420 217 786 290 cuutuomouan
812 211 985 283 numus.
1010 218 1110 293 τοο.
1141 184 1270 325 ‚4⁰9

118 410 122 416 ·
174 377 233 451 τόν
258 376 435 465 μόματρον
462 382 691 460 προαναραγεϊν
718 375 764 462 τῷ
782 374 930 456 βασιλεῖ,
951 368 1108 452 ἐπιδεῖξαι
1128 365 1164 433 δὲ
1185 365 1274 455 αὐτῷ

174 476 231 546 κατ’
248 475 305 566 τήν
325 479 441 564 γνῶσιν
459 477 523 543 τῶν
544 469 665 562 δόρων.
706 475 761 540 κατ’
781 470 798 538 ό
820 471 980 557 πρέσβης,
1005 464 1157 554 tinette
1177 467 1302 545 δέξο-1)

174 582 257 645 σθαι
269 625 295 661 ,,
310 573 530 662 εἰσερχόμενος
558 580 741 658 παρακαλεῖ
754 569 810 638 τόν
837 566 1008 657 δεσπότην,
1039 569 1094 633 ἵνα
1114 566 1215 652 δεχθῇ
1233 558 1273 630 τό

174 678 265 764 δῶρα
287 675 407 742 ου’τοῦ·
439 678 494 740 κατ’
521 671 580 740 ἐόν
600 675 757 761 ἐπιτρέψῃ
780 667 797 734 ό
820 667 992 753 δεσπότης,
1021 667 1222 752 εἰσέρχονται
1243 659 1274 727 οἶ

154 768 343 861 sistuanus
371 767 471 841 αότοῦ
497 771 710 858 βαστάζοντες
737 767 778 836 τοὶ
799 772 889 857 δῶρα
911 767 1011 835 αότοό
1020 818 1030 848 ,
1058 759 1214 830 καὶκατὰ
1235 764 1272 826 τό

133 891 141 903 ·
173 869 288 955 όμοιον
308 876 420 961 σχῆμα
438 875 560 959 γίνεται
581 872 627 951 ὥς
647 873 701 938 ἐπὶ
719 873 782 938 τοῖν
801 871 976 955 βασιλικόν
996 864 1124 951 δώρων,
1150 863 1206 927 κατ’
1222 861 1274 945 μ’·

171 997 261 1041 mut
282 976 448 1058 συντυχία.
489 969 554 1060 χρὴ
577 975 613 1038 δὲ
633 970 689 1038 τόν
707 961 846 1054 βασιλέα
867 968 962 1035 πόλιν
982 965 1040 1033 καὶ
1057 965 1199 1048 συνεχῶς
1218 957 1275 1025 κατ’

171 1075 278 1149 καλῶς
295 1077 482 1160 μεμνῆσθαι
501 1075 561 1139 τοῦ
580 1075 738 1156 βασιλέως
758 1073 822 1138 τῶν
842 1070 986 1154 Περσῶν
1007 1066 1062 1131 καὶ
1082 1066 1138 1150 τῆς
1160 1063 1272 1127 διαθέ-

171 1192 252 1250 σεως
273 1173 382 1254 αὐτοῦ,
403 1171 460 1237 κατ’
478 1166 536 1238 ἑόν
556 1174 641 1238 ἐστιν
662 1167 846 1258 riurjamma*
863 1162 998 1234 τοιοῦτό
1018 1188 1089 1232 τινα
1109 1163 1269 1245 λαλοῦσιν,
1280 1168 1420 1248 Editatt

133 1269 228 1337 rosei
248 1271 382 1337 όπολόει
409 1268 508 1336 αότόυ
529 1269 548 1336 ό
567 1267 739 1353 βασιλεός,
771 1267 830 1334 καὶ
848 1269 999 1350 ἀναμένει
1018 1263 1074 1332 τόν
1099 1261 1273 1345 μόχιστρον

168 1366 248 1452 ἔξω,
277 1367 335 1434 κατ’
362 1369 526 1456 ἐξέρχεται
547 1367 564 1434 ό
585 1367 760 1455 μα’γιοτρος
781 1369 839 1432 κατ’
857 1367 1059 1433 συντάττεται
1079 1361 1166 1449 urire?
1187 1351 1272 1440 ἄνω,

166 1469 226 1532 κατ’
250 1463 385 1532 οἶπολόει
412 1467 512 1534 αότόν
542 1471 599 1534 κατ’
625 1468 733 1544 αότός.
776 1469 811 1532 ἓν
841 1467 876 1531 δὲ
897 1474 966 1540 ταῖς
997 1457 1111 1539 ditat<
1132 1461 1270 1546 ἡμέραις

166 1568 416 1650 μεταστέλλεται
437 1561 545 1651 αὐτόν,
566 1570 625 1633 κατ’
643 1571 739 1633 λαλεῖ
753 1562 794 1630 τό
818 1563 969 1649 περὶτοῦ
989 1559 1182 1648 πράγματος.
1212 1562 1271 1624 κατ’

163 1663 226 1730 ’ἑόν
246 1666 381 1753 συνίδῃ,
412 1667 575 1751 ἐπιτρέπει
609 1667 657 1752 τῷ
675 1666 838 1752 μαχιλττριρ
864 1657 887 1748 ἢ
913 1659 972 1727 καὶ
996 1654 1104 1736 ἄλλοις
1131 1652 1271 1744 ἄρχουσι

126 1763 229 1840 ιόσόν
257 1763 344 1853 adrui
370 1761 432 1843 ἔξω
461 1767 599 1848 λαλῆσαι
628 1760 711 1845 μετὰ
743 1763 802 1828 τοῦ
831 1752 1040 1848 πρεσβευτοῦ.
1080 1754 1137 1824 ἔοὶν
1162 1757 1199 1824 δὲ
1219 1755 1269 1840 εἴη

167 1863 276 1927 τελεία
297 1862 390 1949 φιλία
406 1861 525 1942 μεταξό
549 1865 615 1926 τοῖν
634 1863 810 1942 πολιτειῶν,
834 1865 889 1927 δεῖ
903 1858 960 1926 τόν
978 1861 1113 1941 βασιλέα
1133 1857 1294 1939 πέμπεινΒ

166 1961 221 2027 κατ’
239 1960 383 2046 συνεχῶς
402 1953 501 2024 αότόν
521 1959 768 2028 ἐπισκέπτεσθαι
796 1960 854 2026 κατ’
870 1960 1062 2043 μανθάνειν,
1093 1959 1160 2034 νεῶς
1179 1953 1267 2038 ἔμει-

206 2237 223 2274 ο
242 2220 362 2274 secnnda
379 2221 438 2274 vioe
456 2222 493 2275 ad
509 2222 663 2292 Augustum
676 2222 848 2286 admittitur,
865 2237 916 2291 ρετ
929 2223 1089 2291 magistrum
1103 2217 1266 2289 supplicari,

198 2300 297 2362 gnetur
315 2293 451 2344 Dominus
475 2309 508 2344 ea
534 2301 689 2363 acceptare:
710 2294 889 2363 Dominoque
906 2300 1058 2355 annuente,
1076 2297 1213 2342 monstrat
1230 2306 1264 2341 ea

165 2369 235 2415 tunc
252 2361 314 2432 ipso
332 2363 493 2415 audientiae
511 2362 556 2415 die
576 2364 706 2434 magistro
731 2363 762 2415 in
787 2363 847 2415 cius
867 2361 976 2431 ιολιολτ,
1002 2369 1034 2415 et
1052 2362 1197 2417 coniicitur
1215 2374 1264 2410 eo-

166 2450 228 2485 rum
246 2432 348 2485 notitia
367 2449 416 2486 seu
435 2434 589 2501 indiculum
634 2452 696 2487 nem
719 2442 873 2487 monstrare
895 2434 973 2516 prins
993 2434 1124 2503 magister
1139 2433 1263 2501 impera-

165 2503 222 2555 tori
240 2502 326 2557 debet
357 2504 393 2555 ad
422 2520 485 2557 eum
512 2453 689 2558 adscenaena
726 2504 844 2574 legatus
862 2499 937 2569 deun,
955 2504 1114 2577 qunm‘iam
1133 2500 1163 2552 in
1181 2517 1214 2552 eo
1233 2508 1264 2553 et

166 2580 336 2643 oportunum
359 2584 469 2644 tempus
496 2584 554 2642 eat,
577 2584 609 2629 ut
636 2576 790 2645 excipiatur
816 2582 846 2627 et
862 2573 1026 2628 admittatur
1042 2573 1080 2625 ad
1095 2570 1263 2635 Dominum,

166 2642 336 2711 ingreditur,
360 2652 389 2699 et
412 2646 468 2699 iam
485 2662 614 2717 praesens
633 2648 806 2715 supplicatur
823 2646 960 2709 Domino,
987 2644 1057 2696 velit
1079 2657 1193 2694 munera
1211 2658 1261 2693 sua

163 2712 287 2782 henigne
312 2721 461 2784 acceptare.
497 2716 532 2769 Et
554 2724 629 2780 tum,
657 2716 721 2768 data
743 2716 780 2769 ab
802 2718 973 2786 imperatore
993 2714 1093 2778 venis,
1117 2714 1262 2766 introeunt

164 2784 250 2853 legati
270 2784 428 2849 domestici,
447 2785 604 2839 baiulanter
623 2788 683 2839 eius
698 2788 787 2851 dona,
806 2789 932 2858 fiuntque
948 2788 1041 2838 omnia
1057 2784 1170 2847 eadem,
1188 2798 1262 2854 quae

165 2856 226 2908 lieri
245 2854 328 2907 modo
349 2855 520 2921 dicebamus,
549 2874 634 2928 quum
653 2859 740 2927 ἱρεῖαι
759 2860 899 2911 Persarum
918 2858 988 2926 regis
1007 2871 1121 2908 munera
1138 2856 1262 2922 impera·
1348 2895 1351 2902 .

165 2931 211 2977 tor
228 2934 360 2996 acceptat.
395 2929 430 2980 Et
447 2935 507 2980 tum
526 2926 636 2981 demum
654 2930 687 2981 iit
704 2928 883 3011 colloquium.
918 2926 1078 2981 Meminerit
1094 2933 1153 2978 tum
1168 2927 1259 2994 impe-

166 3002 242 3047 rator
258 3012 314 3047 non
332 2998 439 3063 minus,
457 3014 540 3070 quam
559 2999 701 3069 superiore
719 2997 902 3061 admnsione,
920 2997 1067 3068 diligenter
1083 2996 1258 3066 solliciteque

165 3073 251 3135 atque
270 3065 429 3139 frequentor
446 3071 545 3124 Persae
562 3084 664 3122 nomen
682 3068 836 3122 honorifico
854 3084 916 3120 eum
934 3069 1025 3139 elogio
1044 3069 1129 3121 citare
1158 3073 1188 3119 et
1212 3068 1258 3118 in-

164 3143 319 3200 remorre,
345 3154 428 3210 quem
456 3140 517 3192 illev
529 3141 651 3193 animum
670 3154 732 3209 erga
751 3156 780 3193 se
797 3138 913 3209 prodat,
937 3147 968 3192 et
990 3155 1089 3210 sperne
1109 3138 1148 3192 sit
1168 3140 1258 3209 impe-

110 3250 113 3261 .
164 3213 227 3258 tran
248 3222 281 3259 ae
300 3206 335 3259 ab
355 3208 405 3260 illo
424 3209 507 3278 pacis.
542 3212 610 3267 Post
633 3212 816 3282 reciprocatus
844 3210 982 3262 eiusmodi
1007 3226 1145 3263 sermones
1168 3210 1258 3261 lieen-

163 3278 232 3329 tiam
252 3276 300 3329 slat
318 3280 470 3348 Ιατρεταῑοτ
488 3282 513 3332 lc
532 3290 577 3334 ato
597 3280 733 3335 abeundi:
760 3282 810 3353 qui
827 3282 987 3351 magistrum
1006 3290 1081 3334 extra
1099 3282 1190 3333 locum
1209 3279 1259 3331 ad-

162 3347 303 3400 missionis
333 3366 441 3403 sursum
467 3353 497 3405 in
516 3368 575 3422 apso
589 3352 699 3423 'palatio
730 3349 813 3424 [nou,
840 3359 873 3404 ut
889 3361 987 3416 antea,
1010 3352 1041 3404 in
1059 3352 1119 3404 eius
1137 3346 1258 3422 scholmi

161 3419 355 3488 praestolatur.
389 3422 522 3492 Magister
546 3425 631 3494 paulo
660 3428 725 3495 post
754 3422 891 3492 digressus
914 3440 931 3475 a
954 3423 1076 3475 Domino
1101 3421 1160 3475 erit
1185 3420 1259 3473 foras
1349 3412 1355 3429 '

162 3488 199 3541 ad
217 3490 353 3559 legatum,
369 3492 487 3566 valeque
505 3495 561 3564 ipsi
579 3494 662 3559 dicit,
685 3501 715 3546 et
732 3493 873 3547 licentiam
891 3495 953 3564 ipse
971 3509 1084 3565 quoqne
1102 3493 1158 3544 dat
1194 3494 1260 3546 Post

160 3561 265 3630 primas
283 3560 333 3615 has
352 3562 432 3617 binas
450 3564 631 3619 admissiones
655 3565 769 3619 arcessit
786 3567 954 3634 imperator,
981 3564 1091 3635 quotics
1117 3562 1173 3631 ipsi
1195 3564 1258 3631 pla·

162 3632 265 3695 cuerit,
289 3634 425 3704 legatum,
449 3643 478 3690 et
500 3653 563 3689 oum
582 3654 614 3691 eo
635 3634 799 3705 denegatio
818 3634 955 3689 ambobus
973 3635 1098 3705 imperiis
1117 3634 1257 3686 communi

159 3698 300 3775 huiusque
331 3706 479 3775 legationis
504 3715 665 3775 argumento
691 3722 830 3761 sermones
856 3709 961 3759 miscet
996 3706 1025 3759 Si
1044 3706 1134 3757 visum
1157 3704 1257 3767 inerit,

160 3773 246 3825 etium
263 3776 394 3843 magistro
411 3777 465 3829 soli
483 3779 633 3848 permittit,
657 3778 755 3831 aliisve
773 3778 934 3847 proceribus
953 3783 1063 3846 praeter
1080 3792 1163 3837 eum,
1187 3773 1256 3826 ioris

159 3850 236 3895 extra
261 3844 397 3913 palatium
420 3864 483 3901 cum
506 3850 598 3919 legato
622 3865 665 3903 res
689 3850 802 3918 agitare.
843 3849 874 3903 Si
900 3848 1022 3917 denique
1045 3846 1168 3899 amicitia
1191 3859 1256 3914 pep-
1312 3873 1323 3883 -

158 3912 230 3967 lecta
249 3915 403 3970 intercedat
420 3918 502 3971 ambo
526 3922 663 3993 imperia,
678 3929 721 3973 est
738 3920 915 3989 haperatoris
934 3917 1032 3982 nostri,
1051 3925 1083 3970 ut
1098 3916 1254 3970 visitatores

162 3982 317 4040 identidem
335 3990 426 4059 legato
450 3990 597 4054 immittat,
612 4008 674 4045 λειιο
698 3991 811 4043 nomine
834 3998 1059 4059 percontatum,
1085 3984 1154 4056 quid
1177 3988 1257 4051 agata

158 4056 210 4124 qui
229 4058 335 4122 valeat,
353 4061 493 4131 quomodo
511 4079 560 4115 aun
579 4063 634 4131 ipsi
652 4062 759 4115 mansio
778 4060 907 4114 arrideat.
938 4062 1008 4113 item
1025 4066 1058 4111 nt
1076 4053 1131 4126 ipsi
1148 4053 1183 4108 sle
1200 4052 1254 4106 ier-

159 4126 230 4183 oulir
247 4144 359 4185 measse
379 4147 445 4189 suso
463 4134 621 4207 portiones,
640 4140 669 4187 et
687 4142 743 4189 tam
761 4133 793 4187 in
810 4134 912 4186 nostris
931 4131 1030 4187 diebus
1048 4128 1144 4191 iestis,
1169 4141 1253 4197 quassu
