3042 4825
267 169 322 258 82
478 191 750 265 cousmunnr
778 187 1145 263 nomumoemm

265 354 448 437 κατέχοντες
476 355 512 419 έν
537 358 609 429 ταῖς
633 348 730 438 χερσὶ
755 350 890 427 κλάδους
919 353 1068 438 δαφνοῖν,
1098 353 1156 414 καί
1181 339 1271 414 οὗτοι
1297 353 1360 432 μέν

226 529 231 538 .
265 453 483 539 δηριγεύοοοιν
503 450 691 538 ἔμπροσθεν,
713 441 847 517 ὄπισθεν
866 452 902 516 δὲ
920 451 1102 538 διέρχονται
1117 448 1253 537 ἔφιπποι
1272 473 1360 536 πρω·
1456 507 1469 516 ,

264 550 475 637 ’τοσπαδοίριοι
503 549 666 633 εὐνοῦχοι,
700 551 963 637 περιβεβλημένοι
983 554 1097 616 σπέκια
1118 543 1254 634 ἀληθινοὶ
1272 573 1358 634 χρυ-

264 650 402 734 σόκλαβα
437 650 493 715 καί
522 653 661 732 σπαδιλι,
708 652 880 731 κατέχουσι
910 651 946 713 δὲ
976 647 1033 715 καί
1059 647 1100 713 τὰ
1130 649 1356 732 σπαθοβιέκλια

264 752 387 832 οὔτῶν,
417 747 598 831 ἐπικείμενα
628 758 694 827 τοῖς
724 749 832 813 ον’τῶν
860 740 969 831 ὤμοις·
1012 745 1042 814 οἱ
1071 750 1108 813 δὲ
1135 750 1227 812 ἵπποι
1247 741 1375 812 circini

262 847 480 930 ἐπιλυομένου
502 844 564 913 εἶπέ
587 846 827 935 καταφράκτων.
849 848 981 933 πλησίον
1001 850 1037 913 δὲ
1058 849 1123 912 τῶν
1143 847 1253 910 αὐτῶν
1266 870 1356 931 πρω-

260 951 484 1035 τοσπαδαρίων
508 943 670 1032 εὐνούχων
690 943 706 1011 ὅ
727 948 896 1032 λογοθέτης
920 949 977 1012 τοῦ
988 945 1136 1040 δρόμον,
1165 949 1355 1031 περιβεβλη-

260 1050 355 1130 μένος
376 1047 485 1132 onyche
506 1043 674 1132 ἀληθινόν,
704 1047 756 1134 ἐφ’
777 1050 875 1112 ἵππου
894 1048 1127 1128 ἐστολισμένον,
1148 1042 1210 1110 ἀπὸ
1234 1046 1270 1108 δέ
1291 1042 1354 1109 αὕ-

230 1149 321 1214 Οτοῖν
342 1145 623 1233 πρωτοσπαθοὶριοι
643 1143 808 1232 βαρβάτοι,
829 1147 1091 1232 περιβεβλημένοι
1111 1147 1236 1224 σπέκια,
1258 1148 1352 1207 κατέ-

255 1269 366 1330 χοντες
395 1241 618 1328 σπαθοβιέκλια
648 1247 829 1326 ἐπικείμενα
858 1254 925 1321 τοῖς
949 1238 1050 1327 ὤμοις
1078 1244 1204 1324 αὐτῶν,
1234 1239 1393 1324 ὅμοι’ωςτο

258 1347 315 1408 καί
341 1337 435 1408 αὐτοὶ
453 1347 506 1430 ἐφ’
525 1346 630 1409 ἵππων
651 1345 893 1425 ἐστολισμένον·
934 1339 996 1408 εἶδ’
1022 1336 1122 1417 οὕτως
1142 1339 1352 1424 κονβικουλά-

258 1467 323 1528 ριοι
345 1441 494 1530 ἔφιπποι,
525 1438 542 1508 ὃ
572 1445 607 1508 δέ
630 1441 835 1530 δρουγχάριος
855 1446 912 1527 τῆς
931 1445 1040 1526 βέγλης
1066 1439 1124 1505 καὶ
1142 1438 1172 1503 οἱ
1191 1440 1352 1523 μαγλαβέ-

256 1568 311 1608 ται
330 1540 412 1624 μετοὶ
433 1546 496 1609 τῶν
518 1546 637 1608 λοιπῶν
666 1545 831 1607 οἰκειακῶν
850 1544 915 1606 τῶν
934 1538 979 1625 μὴ
1008 1538 1224 1622 πεζευόντων,
1253 1560 1349 1604 τοπο-

256 1646 390 1728 τηριτῶν
409 1645 471 1707 τοῖν
493 1639 660 1726 ταγμάτων
679 1640 735 1706 καί
753 1637 909 1725 κομὴτων,
933 1642 1115 1725 διέρχονται
1135 1633 1196 1703 ιἰπὸ
1218 1634 1349 1721 διαστή-

254 1767 373 1825 ματος,
401 1744 586 1827 κρατοῦντες
606 1742 669 1805 τῶν
691 1731 823 1803 ὄπισθεν
844 1742 1034 1825 προέλευσιν
1058 1734 1139 1801 κοινοὶ
1160 1734 1219 1821 τὴν
1240 1734 1390 1802 orieris&

253 1838 362 1921 τάξιν,
394 1828 526 1904 ὄπισθεν
547 1841 583 1902 δὲ
603 1837 705 1902 crisci
727 1833 743 1900 o‘
765 1839 977 1922 τοποτηρήτης
998 1839 1057 1899 τοῦ
1078 1836 1241 1918 ἀριθμοῦ,
1270 1859 1348 1922 κρα.

252 1943 314 2004 τῶν
334 1935 373 2002 τὰ
396 1939 502 2023 πλήθη
523 1941 587 2001 τῶν
607 1939 693 2001 iacis
714 1933 794 2022 πρὸς
822 1932 859 2000 τὸ
879 1933 1152 2020 μησυχχνθῆνοιι
1173 1927 1291 2010 αὖτοές
1311 1935 1346 1999 έν

252 2040 293 2124 τῇ
312 2034 503 2123 προελεύσει.
547 2037 621 2124 (Η.)
643 2031 893 2119 Δηριγενόμενος
922 2030 986 2098 oni
1016 2035 1079 2098 τῶν
1107 2033 1346 2119 προειρημένων

112 2127 375 2200 Μι.5ο.ε’πάντων
395 2133 411 2200 ὃ
431 2132 596 2216 βασιλεὺς,
630 2133 793 2218 διέρχεται
817 2136 916 2216 μέχρι
935 2134 1000 2196 τῶν
1025 2130 1239 2218 μαρμαρένων
1257 2129 1345 2196 λεόν-

216 2259 334 2315 prun,
368 2235 424 2299 καί
443 2232 571 2316 δέχεται
592 2227 686 2297 αὐτὸν
707 2231 726 2295 o‘
750 2230 947 2317 δημοκράτης
966 2234 1029 2296 τῶν
1048 2236 1210 2312 Βενέτων,
1245 2224 1384 2315 {syourac

250 2331 268 2398 ὅ
291 2335 471 2416 δομέστικος
499 2334 564 2398 τοῖν
592 2334 731 2417 σχολῶν,
764 2328 846 2415 μετὰ
874 2330 931 2395 καί
956 2333 1015 2395 τοῦ
1041 2332 1211 2416 περατικοῦ
1239 2331 1342 2414 δήμου

248 2436 312 2500 τῶν
332 2436 495 2515 Βενὲτων,
526 2430 619 2507 αὐτὸς
641 2432 711 2496 iii
735 2429 935 2516 δημοκράτης
966 2428 1178 2516 κρατούμενος
1195 2428 1260 2493 sini
1282 2432 1342 2493 rori

247 2534 305 2619 τῆς
325 2530 546 2609 καταστάσεως
575 2532 773 2614 α’πέρχεται,
807 2528 863 2593 καί
881 2526 1104 2614 προσκυνήσας
1131 2524 1206 2604 τοὺς
1236 2524 1338 2604 πόδας

244 2636 302 2697 τοῦ
332 2634 488 2716 βασιλέως
520 2628 698 2709 ἀσπάζεται
726 2624 853 2711 esicone,
882 2626 899 2691 o‘
933 2630 968 2693 δὲ
995 2626 1145 2710 βασιλεύς
1173 2623 1339 2708 δεξάμενος

243 2731 341 2799 αὐτὸν
366 2734 550 2799 ἐπιδιδωσιν
572 2728 672 2795 ου’τὸν
692 2732 737 2815 τῷ
756 2728 947 2813 κόμητιτοῦ
967 2726 1122 2812 στάβλου,
1143 2724 1162 2790 δ
1182 2728 1219 2790 δὲ
1240 2717 1378 2812 cippo-²5

311 2885 335 2921 n.
354 2863 536 2934 α’σπαδάριοι
549 2864 590 2919 ed.
608 2864 635 2916 h.
655 2866 673 2916 l.
692 2872 719 2917 ct
739 2882 821 2917 mox·

242 2987 362 3041 eunuchi
382 2987 460 3057 equis
478 2987 559 3048 recti,
579 2986 678 3055 speciis
699 2984 846 3053 purpureis
864 2984 1004 3054 clavisque
1021 2981 1110 3035 aureis
1129 2982 1244 3034 accincti
1267 2998 1331 3052 spe·

240 3056 357 3127 titusque
375 3074 436 3108 ruas
459 3063 489 3106 et
513 3055 724 3127 spathohnculos
749 3054 871 3106 humeris
897 3055 1040 3124 impositos
1060 3061 1215 3122 portantes:
1240 3070 1334 3106 eorum

239 3143 321 3195 porro
341 3128 405 3196 cqni
427 3126 607 3193 cataphractis
629 3126 755 3178 instructi
776 3132 847 3176 sunt
885 3124 941 3176 Hos
959 3126 1084 3193 proxime
1112 3126 1238 3193 sequitur
1256 3126 1334 3195 logo·

238 3194 315 3248 theta
335 3196 424 3248 dromi
442 3214 503 3266 sago
531 3214 668 3267 purpureo
687 3196 817 3258 indutus,
846 3195 875 3245 in
899 3212 971 3265 equo
991 3202 1099 3254 ornato,
1118 3192 1332 3263 protospatharii

238 3265 345 3319 barbati
369 3267 467 3336 speciia
493 3270 630 3331 accincti,
657 3264 868 3334 spatirobncnios
898 3263 1019 3316 humeris
1043 3272 1202 3332 portantes,
1231 3274 1259 3316 et
1277 3265 1332 3335 ipsi

236 3338 267 3389 in
288 3353 303 3388 e
325 3338 368 3387 uis
392 3339 511 3403 ornatis;
537 3346 602 3407 post
625 3334 788 3388 cubicularii
808 3337 837 3386 iu
856 3336 950 3404 equis,
976 3333 1137 3403 drungarius
1163 3335 1275 3403 vigiliae
1301 3343 1332 3387 ct

237 3356 414 3460 mauhinvitae
440 3424 502 3459 cum
529 3408 626 3460 ceteris
650 3404 825 3465 domesticis,
853 3406 901 3474 qui
930 3422 987 3456 non
1015 3404 1133 3472 pedibus
1161 3404 1201 3455 ire
1229 3407 1329 3466 soient,

238 3477 333 3546 legatis
353 3486 500 3529 turmarum
519 3486 547 3530 et
568 3477 733 3539 comitibus,
754 3494 788 3527 ex
806 3475 951 3526 intervallo
969 3490 1126 3543 processum
1147 3492 1255 3540 eorum,
1279 3476 1329 3547 qni

239 3549 435 3615 imperatorem
455 3556 615 3619 sequuntur,
637 3546 787 3599 secundum
805 3546 928 3597 ordinem
944 3562 1022 3598 sunm
1037 3544 1238 3598 conducentes:
1254 3563 1328 3615 pone

234 3618 323 3684 ipsum
342 3636 405 3669 vero
439 3620 555 3669 vicarius
583 3619 707 3679 numeri,
743 3615 950 3667 multitudinem
979 3613 1133 3685 populine
1159 3618 1326 3684 processioni

232 3688 418 3741 immisceatur
436 3692 598 3749 continens,
617 3689 751 3757 sequitur.
795 3685 1108 3756 (v111.·)1mperarorab
1131 3684 1175 3737 his
1197 3688 1326 3741 omnibns

232 3760 364 3828 stipatus,
383 3757 416 3809 nd
429 3774 592 3811 marmoreos
610 3759 704 3810 leones
721 3758 813 3820 vonit,
839 3756 888 3808 ubi
906 3759 995 3827 iprum
1012 3758 1141 3827 prinecps
1156 3756 1325 3811 Venetorum

232 3846 281 3883 seu
298 3829 462 3882 domesticus
482 3828 634 3880 scholarum
658 3844 718 3880 cum
735 3828 892 3879 transitoria
912 3828 1082 3880 Venetorum
1106 3828 1225 3881 factione
1247 3829 1324 3880 exci-

229 3901 290 3971 pit,
319 3910 379 3952 eta
400 3897 590 3951 cerimoniario
616 3898 749 3951 adductus
774 3898 850 3962 abit,
880 3898 1013 3968 humique
1038 3905 1207 3967 prostratus,
1237 3898 1324 3966 perles

229 3970 403 4040 inperatoris
423 3972 576 4031 osculatur,
604 3967 727 4039 quernis
760 3969 912 4037 suscipiens
932 3968 1025 4021 comiti
1048 3969 1150 4021 stabuli
1172 3968 1271 4021 trudit:
1299 3970 1323 4021 ie

229 4057 293 4093 vero
313 4040 412 4093 iterum
437 4042 467 4092 in
492 4038 546 4093 ινα·
557 4042 674 4091 statione
703 4042 886 4101 constitutus,
912 4041 1127 4108 Imperatorem,
1154 4040 1219 4093 dum
1237 4040 1323 4091 factio

229 4110 381 4171 acclamat.
406 4110 502 4180 signat
549 4110 694 4182 Postquam
723 4110 858 4164 sectiones
882 4126 914 4161 ea
942 4123 1014 4179 quae
1040 4126 1099 4162 mos
1118 4119 1163 4163 est
1181 4124 1322 4181 peregere,
