3042 4825
300 125 383 238 592
506 151 779 242 construunt
807 150 1173 220 rorrurnocrnrrs

295 305 415 388 τιτυχία
436 303 626 388 εδαγγελίων
644 305 746 370 έκεῖσε
766 301 974 390 ἱδρύνθησαν.
1011 305 1052 372 τὰ
1074 307 1112 374 δὲ
1128 298 1201 392 ἑξῆς
1218 304 1276 389 τῆς
1294 325 1393 390 προσ·

297 399 432 478 λοέσσας
460 404 611 488 ἐτελέσθη
643 399 724 468 κατὰ
753 400 809 470 τὸν
829 403 966 469 εἰωθότα
993 404 1113 470 τδπον.
1152 407 1192 492 τῇ
1221 403 1257 468 δέ
1278 399 1389 490 έννδτη

272 503 356 571 Bruti
375 497 565 586 Αὕμοδστου
584 497 694 587 μηνὸς,
722 501 828 590 ἡμέρᾳ
847 507 995 592 κυριακῇ,
1023 506 1143 588 ἐγένετο
1161 502 1334 588 κλητοίρισν
1353 505 1389 567 έν

293 603 336 690 τῷ
355 599 500 690 τρικλίνῳ
520 605 578 666 τοῦ
596 596 848 683 Ἰουστινιανοῦ,
878 605 1009 686 ἐξῆλθεν
1031 600 1123 668 δὲτὸ
1145 597 1328 686 ἅνάγλυφον
1349 601 1389 664 α’-

292 703 407 785 σὴμιον
428 697 465 764 τὸ
486 701 724 781 έναποκειμενον
742 703 778 766 έν
798 703 843 790 regi
861 701 1033 790 βεστιαρίιρ
1052 706 1109 767 ruri
1123 701 1293 786 Καριανοῦ
1302 750 1314 782 ,
1332 695 1409 786 καίς

292 801 336 864 δι’
358 793 456 864 αὐτοῦ
475 799 637 884 γέγονενῆ
658 803 746 866 πᾶσα
766 796 925 886 δπηρεσία
942 803 1000 866 τοῦ
1019 802 1214 886 τραπεζίου·
1254 798 1387 876 ἔπαιξαν

292 897 329 962 δέ
349 900 405 964 καί
423 895 465 962 τοὶ
486 897 645 979 θυμελικά
667 896 772 966 πάντα
793 902 939 983 παίγνια.
981 895 1100 987 ἔφαγον
1125 901 1161 963 δέ
1179 901 1216 964 έν
1234 895 1282 987 τῷ
1301 891 1387 987 αὐτῷ

291 996 451 1086 κληιισριλρ
485 995 516 1062 οἱ
549 995 608 1062 δύο
638 998 729 1083 φιλοι
753 1003 907 1083 Ταρσῑται
936 1003 992 1064 κατ’
1020 997 1051 1062 οἱ
1081 989 1248 1085 ἅνθρωποι
1269 995 1385 1078 aeter,

290 1096 348 1162 καί
368 1097 493 1176 δέσμιοι
516 1088 659 1160 ἀπὸτοῦ
679 1096 875 1182 πραιτωριου
900 1103 1058 1181 Ταρσῑται
1075 1093 1119 1178 μ’.
1157 1093 1273 1178 ἔλαβον
1294 1094 1329 1159 δὲ
1349 1093 1384 1157 έν

289 1203 424 1278 χρυσοῖς
444 1197 652 1270 σκουτελλίοις
672 1191 700 1260 οἱ
720 1197 781 1277 μέν
801 1193 860 1260 δίο
889 1198 978 1282 prior
1006 1193 1076 1261 α’νά
1094 1191 1308 1280 μιλιαρησίων
1339 1185 1428 1280 φ’,ιο

291 1292 322 1359 οἱ
343 1295 379 1358 δέ
398 1293 505 1357 λοιποί
524 1285 691 1376 ἅνθρωποι
711 1288 817 1359 αὐτῶν
836 1299 903 1375 μιλ.
925 1318 969 1382 y,
1007 1292 1038 1357 οἱ
1059 1297 1094 1359 δὲ
1116 1291 1148 1376 μ’
1170 1293 1295 1374 δέσμιοι
1312 1295 1383 1373 μιλ.

289 1417 328 1487 θα.
351 1385 570 1476 ἀπεστάλησαν
590 1392 626 1455 δὲ
647 1387 703 1455 καί
727 1401 795 1468 τοῖς
820 1394 855 1457 ἐν
875 1397 920 1480 τῷ
939 1395 1119 1479 πραιτωρίῳ
1140 1391 1385 1471 ἐναπομείνοσιν

291 1493 430 1573 δεσμίοις
448 1495 516 1572 μιλ.
535 1492 593 1554 τοῦ
614 1490 651 1554 δὲ
669 1494 827 1573 βασιλέως
847 1481 1056 1573 ἆναστιίντος,
1078 1477 1301 1573 ἐκαθέσθησαν
1320 1485 1384 1550 πσλ-

263 1595 344 1663 (ιλιν
371 1587 401 1655 οἱ
426 1585 520 1654 αὐτοί
542 1587 632 1676 palos
657 1590 692 1653 ἐν
710 1593 754 1679 τῷ
782 1592 873 1677 δεξιῷ
893 1594 984 1675 μέρει
1004 1592 1061 1670 τοῦ
1089 1583 1190 1653 αὐτοῦ
1210 1587 1383 1671 τρικλίνου,

286 1691 362 1755 καθ)
392 1685 428 1753 ὃν
459 1687 645 1773 προείρηται
664 1685 800 1774 τρόπον.
841 1691 897 1754 κατ’
917 1683 1139 1773 ἀπεστάλησαν
1159 1684 1256 1750 πάλιν
1276 1683 1426 1779 αδτυῖςηό

287 1786 343 1854 διαὶ
363 1789 550 1856 κοιτιονιτῶν
568 1785 761 1874 μυριστικά,
789 1785 956 1871 στέμματιέ
976 1811 1010 1854 τε
1031 1789 1087 1852 καί
1107 1783 1280 1871 ἄλὴμματα
1299 1779 1383 1848 εὐοδ-

287 1891 340 1973 δη,
361 1887 417 1952 καί
435 1885 605 1969 νιψάμενοι
626 1884 683 1950 καί
703 1881 951 1964 stercoremus
981 1889 1114 1971 διῆλθον
1133 1882 1231 1949 πάλιν
1252 1879 1307 1947 διδ
1325 1883 1385 1944 τοῦ

284 1986 549 2072 χρυσοτρικλίνου
575 1988 632 2050 καί
657 1986 722 2051 τῶν
741 1986 933 2054 ἀνατολικῶν
952 1988 1084 2068 πυλῶν,
1114 1986 1190 2050 καθ’
1211 1978 1248 2047 ὃν
1266 1979 1382 2070 τρόπον

285 2085 536 2170 προειρήκαμεν.

357 2237 384 2306 l.
400 2233 510 2307 ιλσίμην
532 2234 591 2289 οοιλ.
612 2244 641 2290 et
659 2235 716 2302 eci,
736 2245 768 2291 ut
785 2240 901 2310 saepius·
920 2237 962 2293 cf.
981 2240 1010 2293 lt.
1029 2239 1150 2312 adspag.
1168 2241 1244 2312 7,8·

286 2404 435 2463 ernoesque
453 2405 554 2443 aureae
572 2399 738 2461 gemmatae,
756 2393 871 2447 codices.
880 2393 1085 2465 evangeliorum
1103 2406 1216 2465 quoque
1235 2390 1276 2443 ibi
1295 2387 1381 2445 collo·

284 2462 427 2517 cabantur.
463 2463 579 2533 Reliqua
596 2463 778 2532 processionis
798 2464 903 2516 fiebant
916 2464 1066 2517 secundum
1085 2463 1379 2517 consuetamlormam.

282 2534 340 2589 Die
354 2550 427 2586 nona
442 2533 558 2604 Augusti
576 2532 728 2605 eademque
749 2535 888 2587 dominica
905 2534 1097 2587 celebrabatur
1110 2534 1255 2587 cletorium
1267 2550 1317 2586 seu
1332 2550 1375 2584 sa·

283 2621 361 2659 crum
385 2605 499 2656 solenne
518 2605 673 2656 convivium
699 2605 728 2655 in
750 2606 873 2659 triclinio
892 2606 1051 2664 Iustiniani.
1095 2604 1300 2659 Producebatur
1317 2612 1379 2657 tuna

282 2674 438 2745 anaglypha
457 2690 505 2726 seu
529 2682 653 2725 exstante
673 2675 812 2727 caelatura
830 2678 977 2747 conspicua
994 2675 1120 2747 supellex
1138 2682 1283 2745 argentea,
1305 2688 1378 2745 quae

282 2746 315 2798 in
331 2746 461 2799 vestiario
473 2744 583 2797 Cariani
605 2747 678 2798 solet
693 2745 841 2810 asservari,
858 2748 889 2798 in
907 2764 995 2829 eaque
1012 2746 1205 2798 inferebantur
1223 2744 1309 2814 dapes
1327 2747 1380 2797 lie-

282 2816 389 2887 batque
408 2817 547 2886 reliquum
566 2831 647 2868 omne
664 2816 734 2869 circa
754 2832 875 2868 mensam
889 2818 1083 2870 ministerium.
1119 2817 1281 2885 Spectacula
1293 2813 1380 2867 simul

281 2885 419 2939 surdebant
436 2904 483 2937 seu
505 2885 660 2937 edebantur
677 2888 765 2939 omnis
788 2887 893 2957 generis
916 2890 1031 2940 scenica.
1074 2885 1300 2939 convivabantur
1316 2893 1378 2937 tuna

282 2958 365 3009 ambo
379 2956 460 3008 amici
478 2973 526 3009 seu
544 2955 628 3026 legati
647 2965 675 3008 et
695 2956 818 3027 hospites
831 2958 989 3021 Tarsenses,
1008 2973 1120 3029 unaque
1141 2957 1255 3009 comites
1280 2972 1378 3009 eorum

283 3034 314 3080 et
327 3026 427 3097 captivi
443 3028 571 3081 Saraceni
587 3045 601 3080 e
610 3029 783 3097 praefectura
797 3028 933 3081 Tarsense
950 3028 1017 3081 olim
1033 3027 1158 3097 abrepti,
1173 3044 1250 3079 nune
1264 3043 1279 3077 e
1294 3042 1377 3096 prae·

281 3098 356 3151 torio
376 3098 516 3161 arcessiti,
532 3098 610 3150 velut
622 3100 783 3169 captivitate
799 3116 892 3152 recens
908 3098 1036 3163 liberati,
1051 3114 1168 3155 numero
1186 3096 1376 3181 quadraginta.

281 3168 320 3221 lli
341 3185 436 3221 omncs
455 3169 630 3237 accipiebant
648 3172 769 3223 muneris
781 3169 894 3222 nomine
907 3186 1033 3223 nummos
1048 3171 1078 3222 in
1093 3170 1216 3223 seutellrs
1229 3169 1376 3239 argenteis,

280 3238 432 3295 Amborurn
441 3237 553 3309 quidem
564 3240 712 3291 amicorum
725 3240 754 3291 in
767 3257 843 3291 snam
860 3242 1053 3312 unusquisque
1063 3255 1208 3309 personam
1221 3236 1376 3307 accipiebat

280 3309 467 3381 quingentena
481 3310 646 3371 miliaresia‚
664 3312 767 3381 reliqui
784 3312 844 3362 eius
858 3313 972 3364 comites
983 3312 1013 3362 in
1027 3311 1185 3363 universum
1200 3310 1377 3378 recipiebant

278 3380 413 3433 termille
429 3380 593 3445 miliaresia‚
611 3380 689 3432 mille
706 3382 817 3434 tandem
834 3383 985 3442 miliaresia
1001 3379 1177 3449 accipiebant
1191 3380 1235 3430 illi
1254 3378 1375 3452 quadra·

279 3452 354 3523 ginta
371 3452 472 3521 captivi
488 3453 571 3504 sacris
588 3451 677 3520 epulis
688 3450 818 3505 adhibiti.
853 3454 908 3506 Sed
924 3461 952 3507 et
971 3452 1087 3523 captivis
1100 3451 1261 3513 Saracenis,
1278 3449 1373 3522 quiin

299 3521 417 3573 rectorio
430 3530 459 3574 et
471 3522 588 3576 vinculis
604 3530 806 3586 remanserant,
830 3524 993 3576 mittebatur
1006 3538 1135 3575 numerus
1150 3521 1373 3573 miliareaiorunr.

277 3538 380 3645 iturus
399 3594 504 3663 epulis,
523 3610 608 3664 quum
627 3600 750 3663 surgeret
770 3595 934 3662 Imperator,
953 3592 1123 3646 iubebantur
1142 3591 1224 3645 amici
1243 3590 1373 3645 Saraceni

278 3680 371 3716 rursus
384 3662 414 3715 in
432 3663 525 3715 dextra
540 3671 620 3734 parte
637 3662 761 3715 eiusdem
777 3665 893 3716 triclinii
908 3663 1060 3717 secundnm
1072 3662 1245 3733 praedictum
1259 3659 1372 3714 modum

279 3732 412 3789 desidere.
449 3735 519 3788 lllue
532 3741 561 3785 et
580 3741 639 3785 tum
656 3750 769 3806 quoque
784 3735 966 3789 mittebantur
984 3734 1051 3803 ipsis
1068 3752 1118 3805 per
1132 3732 1285 3786 coetonitas
1302 3728 1372 3782 odo·

276 3804 331 3857 rati
343 3806 361 3857 li
384 3822 462 3858 nores
477 3812 505 3857 et
518 3811 673 3874 unguenta,
695 3805 796 3875 quibus
812 3822 896 3877 quum
908 3807 960 3858 loti
969 3803 1057 3875 probe
1067 3822 1097 3857 se
1108 3804 1287 3865 imbuissent,
1306 3799 1372 3851 abi-

275 3874 345 3925 bant
362 3824 491 3939 iomum,
511 3882 620 3944 praeter
641 3873 893 3945 chrysotricliniurn
911 3882 1087 3932 &sasenates
1105 3881 1134 3931 el
1150 3882 1260 3948 portu
1276 3871 1371 3929 orien-

275 3946 361 4004 talem
375 3954 405 4003 et
420 3949 459 4000 sic
470 3960 568 4018 porro,
586 3954 618 4000 ut
632 3944 829 4018 praediximus.
