3042 4825
302 211 388 305 564
511 191 783 304 consuluntur
818 227 1184 296 pomoranorum

753 387 859 454 nno.
879 383 932 451 ιε.

292 527 364 586 Ὅσα
382 527 429 581 tet
446 523 685 599 παραφυλάττειν
705 520 754 578 tui
772 519 938 592 γειροτονίρ
953 517 1137 591 πατριάρχου
1155 519 1416 575 aerumnos-

328 621 332 634 ’
793 607 911 666 scottum

388 753 600 827 Tatcmoivroc
619 748 676 816 τού
696 745 913 832 πατριάρχου,
935 745 1031 829 δηλοῖ
1046 739 1067 806 ό
1084 737 1237 825 βασιλεύς
1251 740 1323 812 Ιτοίς
1346 743 1415 803 θε-

152 845 517 942 Εάλ.3ο6οφιλεστάτοις
536 849 782 933 μητροπολίταις
801 846 1014 932 ψηφίσασθαι
1030 850 1131 928 τρεῖς,
1161 841 1195 905 οἳ
1211 842 1267 904 καί
1290 829 1435 914 attor&

301 953 448 1032 δόξουσιν
469 943 550 1014 εἶναι
571 940 655 1026 ἄξιαι
682 949 729 1022 είς
757 943 979 1030 πατριάρχην.
1020 939 1077 1006 καί
1096 936 1136 1026 δη
1158 938 1277 1005 τούτων
1298 963 1416 1003 συνα-

299 1053 516 1144 θροισθέντων
546 1049 580 1112 όν
606 1055 671 1124 τοῖς
697 1043 957 1131 κατηχουμενίοις
982 1043 1038 1128 τῆς
1063 1035 1243 1125 ἁγιωτάτης
1260 1039 1416 1122 μεγάλης

300 1154 481 1236 ἐκκλησίας,
503 1151 559 1214 καί
579 1143 800 1233 ψηφισάμενοι
822 1141 879 1218 σός
900 1136 941 1207 άν
960 1144 1164 1226 βουληθῶσι,
1193 1133 1417 1222 άντιόηλσῦσι

300 1255 346 1343 τῷ
364 1255 495 1336 βασιλεῖ
508 1246 648 1327 τούτους,
669 1244 725 1310 καί
743 1242 863 1308 κελεύει
886 1241 902 1309 ό
925 1238 1078 1327 βασιλεύς
1096 1243 1252 1306 είσελθεῖν
1268 1236 1415 1311 τούτους

301 1355 348 1429 είς
361 1348 397 1416 τό
413 1349 574 1414 παλάτιον.
594 1343 650 1410 καί
664 1342 702 1428 (λη’
721 1342 842 1409 τούτων
862 1335 1070 1407 εἰσελθόντων
1091 1341 1148 1403 καί
1166 1337 1310 1404 στάντων
1324 1330 1407 1398 ἐνυό·
1418 1363 1455 1404 10

301 1475 374 1516 πιον
390 1450 450 1513 τού
464 1449 631 1530 βασιλέως,
641 1445 785 1508 tritavum
799 1441 982 1527 ἐγγράφους
998 1434 1146 1514 ούστινας
1159 1438 1379 1523 ἕψηφισοιντο.
1396 1429 1414 1496 ό

302 1551 339 1616 δὲ
349 1543 499 1632 βασιλεύς
514 1546 544 1609 εἰ
556 1546 616 1626 μὲν
635 1543 901 1626 συγκατατίθεται
919 1541 974 1604 καί
991 1539 1118 1626 άρεσθῇ
1133 1539 1178 1614 εἷς
1192 1532 1230 1603 όν
1250 1529 1289 1601 άν
1310 1536 1415 1598 wio-

301 1647 399 1736 κὴση·
428 1647 458 1709 εί
472 1646 507 1709 δὲ
523 1641 577 1706 καί
590 1639 681 1726 μήγε,
700 1641 793 1722 λέγει·
814 1636 897 1722 ,ἐγώ
917 1635 973 1704 τόν
987 1637 1004 1701 ό
1020 1640 1107 1702 όεῖνα
1123 1640 1208 1702 θέλω
1223 1637 1415 1719 periurium?

307 1749 362 1813 καί
376 1745 441 1810 τῶν
453 1743 692 1828 μητροπολιτοῖν
710 1741 767 1803 ἐπὶ
783 1737 884 1828 τούτῳ
904 1739 1190 1822 συγκαταθεμένων
1209 1735 1266 1799 καί
1284 1737 1327 1822 τῇ
1345 1739 1415 1818 βα-

278 1847 414 1932 Βσιλικῇ
433 1840 602 1929 προστάξει
629 1841 686 1904 καί
709 1841 812 1926 κρίσει
832 1835 913 1902 κατά
943 1836 978 1902 τό
1002 1836 1124 1902 δίκαιον
1152 1831 1358 1915 ὑπεικόντων,
1380 1833 1451 1898 εί15

305 1933 370 2030 ἄρα
391 1933 477 2019 όιξιος
501 1937 569 2025 εἴη,
605 1942 724 2032 γίνεται
743 1935 997 2020 μεταστάσιμον,
1033 1939 1091 2001 καί
1108 1935 1287 2018 άπέρχεται
1307 1936 1346 1998 ἐν
1368 1932 1413 2018 τῇ

305 2038 476 2128 μανναύρρι
495 2041 580 2102 πᾶσα
601 2035 621 2123 ἦ
644 2035 817 2122 σύγκλητος
837 2038 894 2101 καί
913 2033 944 2101 ot‘
965 2042 1196 2121 μητροπολίται
1216 2027 1333 2108 πάντες
1352 2032 1413 2093 καί

306 2138 422 2213 πάντες
444 2137 473 2202 οἱ
493 2141 551 2223 τῆς
570 2134 736 2221 ἐκκλησίας
762 2129 919 2221 ἄρχοντες
947 2133 1003 2200 καὶ
1030 2129 1240 2219 πρεσβύτεροι
1266 2135 1323 2196 καί
1340 2138 1412 2197 λοι-

241 2233 246 2244 ’
307 2240 365 2304 πού
382 2235 486 2324 ἱερεῖς.
527 2233 584 2300 καί
602 2238 764 2322 ἐξέρχεται
784 2235 801 2300 ό
818 2232 971 2317 βασιλεύς
991 2229 1053 2297 άπό
1075 2229 1326 2318 σκαραμαγγιαυ,
1348 2253 1411 2318 φο·

309 2340 376 2425 poia
396 2334 450 2400 καί
475 2333 510 2400 τό
534 2334 851 2432 χρυσοπεράιλειστον
871 2332 993 2417 σαγίον,
1015 2334 1072 2396 καί
1088 2330 1227 2412 ἵσταται,
1248 2331 1305 2395 καί
1322 2333 1448 2415 λέγειτο

381 2465 408 2524 5.
422 2465 453 2517 οἳ
470 2466 518 2527 eui
536 2465 635 2521 αυτοῖς
653 2463 714 2517 coni
732 2464 778 2527 lt,
798 2452 842 2519 οἷς
855 2454 961 2520 αύτούς
984 2460 1045 2514 cod.
1164 2452 1167 2458 ’

788 2570 861 2625 CAP.
883 2573 925 2640 τό,

314 2674 496 2735 Οόιιτνιιιιάσ
518 2674 706 2733 inclusione
735 2688 764 2729 ει
793 2673 975 2730 ordinatione
998 2646 1183 2748 patriarchae
1205 2676 1409 2731 Οοιιιιιπιίιιο·

787 2764 923 2834 politanr'.

364 2866 441 2918 Vivis
458 2871 564 2920 exemto
580 2864 751 2935 patriarcha,
771 2865 908 2936 significat
925 2865 1267 2938 irnpcmtqnc'lmperator
1286 2866 1346 2919 Deo
1360 2880 1407 2916 ca·

311 2937 426 2993 tissimis
444 2946 470 2989 et
483 2937 535 2989 Dei
546 2938 742 2989 amantissimis
761 2936 956 3006 metropolitis,
975 2944 1029 2989 tres
1044 2946 1074 2989 ut
1089 2936 1259 3000 candidatos,
1273 2952 1342 3007 quos
1353 2932 1405 3003 ipsi

311 3006 510 3079 patriarchatui
535 3014 613 3075 aptos
635 3014 663 3057 ct
689 3007 785 3077 dignos
814 3014 967 3076 reputent,
1000 3007 1190 3059 denominant.
1232 3006 1407 3059 Conveniunt

312 3086 378 3147 'ergo
405 3079 434 3129 in
457 3076 673 3132 catechumeniir
700 3079 888 3129 sanctissimae
907 3095 1020 3149 magnae
1037 3079 1178 3142 ecclcsiae,
1196 3083 1225 3128 ct
1240 3084 1305 3129 vota
1321 3076 1407 3129 edunt

315 3164 363 3200 sua
386 3148 439 3209 iis,
468 3146 568 3217 quibus
588 3150 674 3199 visum
699 3148 802 3211 fucrit,
836 3158 864 3201 et
885 3148 1036 3201 electorum
1058 3168 1073 3201 a
1096 3166 1125 3200 ιε
1150 3148 1270 3199 virorum
1294 3148 1406 3198 nomina

313 3218 349 3271 nd
366 3220 561 3288 Imperatorem
580 3218 747 3270 renuntiant
784 3219 853 3288 Ergo
873 3220 1019 3273 convenire
1036 3219 1099 3271 illos
1116 3218 1197 3269 iubet
1213 3219 1366 3285 imperator
1377 3217 1406 3265 in

314 3291 459 3362 palatium.
496 3288 611 3357 ingressi
632 3296 660 3340 et
678 3306 768 3341 coram
786 3289 904 3341 Domino
924 3289 1050 3343 collocati
1068 3288 1211 3358 porrigunt
1230 3288 1285 3357 ipsi
1306 3288 1405 3355 scripto

316 3358 456 3431 designata
476 3375 569 3411 eorum
588 3360 688 3423 trium,
708 3376 777 3429 quos
796 3361 850 3430 ipsi
873 3362 1022 3431 elegerint,
1040 3362 1162 3412 nomina.
1197 3358 1276 3429 Quos
1293 3354 1406 3411 intorsi

317 3432 401 3481 ctiam
420 3429 469 3482 illc
490 3428 583 3491 fuerit,
595 3446 676 3498 quem
692 3428 844 3499 imperator
861 3432 964 3515 cupiat,
972 3438 1020 3484 aut
1029 3430 1059 3481 in
1076 3448 1133 3503 quo
1153 3431 1319 3499 acquiescat,
1336 3428 1406 3479 benc

317 3517 360 3555 res
375 3499 469 3564 habet,
488 3506 516 3549 et
533 3500 673 3552 renuntiat
688 3501 782 3567 illum3
820 3500 900 3554 nodsr
922 3518 984 3553 vero
1003 3499 1170 3571 praeteribi
1189 3500 1406 3569 scripturalium

287 3606 289 3613 ,
313 3571 435 3654 aliquem
451 3568 631 3639 patriarcham
641 3578 761 3623 creatum
774 3520 852 3636 velit,
869 3572 1051 3641 significat‚se
1069 3570 1143 3627 huuc
1157 3571 1201 3622 vel
1217 3571 1307 3633 illurn,
1317 3568 1406 3624 norni-

315 3652 403 3695 natrm
420 3640 523 3703 citans,
540 3642 611 3691 velle
631 3642 813 3711 patriarcham
832 3652 952 3698 creatum
970 3643 1081 3695 habore.
1101 3642 1297 3711 Metropolitis,
1315 3649 1347 3693 ut
1360 3656 1406 3710 par

317 3722 375 3777 est,
394 3712 529 3781 imperiali
548 3712 678 3765 mandato
700 3720 784 3785 atque
806 3713 914 3784 optioni
934 3713 1173 3786 acquiescentibus
1197 3720 1283 3782 atque
1309 3712 1406 3764 ceden-

314 3782 406 3845 tibus,
423 3782 518 3852 (modo
544 3780 642 3853 dignus
664 3790 693 3833 et
711 3792 791 3853 aptus
815 3786 923 3836 muneri
940 3785 978 3837 sit
1001 3804 1017 3837 a
1043 3784 1163 3837 Domino
1186 3778 1405 3850 denominatus,)

294 3854 348 3906 'fit
367 3854 588 3917 metastasimon,
606 3852 651 3903 vel
670 3854 760 3907 oritur
779 3872 794 3907 ε
812 3855 934 3925 palatio,
958 3862 1089 3926 totusque
1116 3862 1225 3907 senatus
1251 3863 1280 3907 et
1308 3861 1406 3905 metro·

315 3926 421 3995 politae
443 3938 553 3985 omnes,
573 3924 750 3976 ecclesiastici
768 3942 863 3978 omncs
890 3944 1014 3995 proceres
1033 3926 1233 3995 etpresbyteri
1252 3924 1406 3994 reliquique

316 3994 472 4048 sacerdotes
490 3994 595 4046 abeunt
612 3994 646 4047 acl
670 4012 863 4065 magnauram
887 4014 943 4067 quo
961 3998 1055 4049 “ctiam
1080 3999 1235 4067 Imperator
1261 3998 1291 4049 in
1318 4012 1407 4050 scurs-

316 4066 426 4133 mangio
446 4074 473 4117 ct
493 4080 555 4135 rago
579 4081 661 4118 aurea
680 4074 824 4137 praetexta
841 4075 919 4135 septo
944 4069 1048 4137 pergit,
1077 4076 1106 4120 ct
1123 4084 1215 4122 coram
1239 4069 1282 4122 ibi
1301 4070 1408 4122 straus

318 4136 470 4207 alloquitur
493 4144 618 4190 senatum
645 4144 673 4189 et
706 4140 896 4209 metropolitas
923 4139 967 4192 iris
991 4137 1104 4208 acrbior
1129 4144 1241 4201 Divina
1265 4151 1362 4219 gram
1382 4156 1408 4201 ιι
