3042 4825
273 61 358 178 με
485 85 759 154 cuusssuuus
788 86 1156 156 ronruuaouuuru

268 243 371 331 πατιίρ
402 243 460 308 κατ’
486 246 533 332 τῷ
561 244 700 333 δευτέριρ
720 294 743 325 „
764 241 800 317 ς’.
844 241 875 306 εἰ
895 243 931 308 δὲ
957 245 1002 320 εἰς
1029 240 1085 310 τὸν
1112 246 1406 330 χρυσοτρίκλινσν

266 345 459 431 παραδοθῇ,
488 345 533 431 τῷ
551 342 655 431 nausis
675 344 790 408 δίδωσι
809 393 831 427 ‚,
850 339 909 406 κδ’.
951 344 1055 410 ι’στέον
1075 345 1129 424 δὲ,
1152 336 1200 408 ὅτι
1219 341 1294 427 καί,
1328 341 1403 427 δὴ-

267 467 395 529 μαρχος
416 445 447 509 εί
456 444 578 530 τιμηθῇ
598 437 756 520 ἔξαάτῶν
777 467 836 524 τις,
859 443 942 506 δίδει
961 449 1029 517 τοὶς
1049 446 1273 528 πραιτιοσιτοτς
1286 491 1313 525 ,,
1326 441 1399 525 οβ’.

266 539 384 624 δμοίως
403 544 460 607 καί
479 541 565 625 tric
585 537 811 618 καταστάσεως
827 548 894 622 τοῖς
915 541 1025 618 ου’τοῖς
1045 546 1268 627 πραιτιοσίτοις
1280 593 1302 624 ,,
1322 540 1396 624 off.

176 649 180 661 '
266 641 431 726 δωδεκάτη
452 638 473 728 ἦ
495 645 559 707 τάν
579 634 797 727 περιβλέπτων
814 639 1003 728 ,πατρικίων
1032 635 1132 723 άξία,
1153 633 1191 728 ἧς
1209 647 1419 728 βραβεῖονῤ

265 738 385 818 πλάκες
411 738 618 828 ἐλεφάντινοι
644 743 880 825 κεκοσμημέναι
898 739 959 807 σάν
980 743 1181 817 κωδικέλλοις
1199 743 1398 828 ἐγγεγραμ-

264 848 375 922 μένοις
398 841 445 916 sic
465 840 566 906 τάαον
586 843 647 906 rosi
666 841 778 924 νόμου,
802 843 838 905 έκ
858 841 1026 924 βασιλικῆς
1043 838 1155 927 χειρὸς
1166 840 1397 908 luctatorem.

267 943 403 1027 παρέχει
424 942 461 1006 δὲ
480 949 547 1018 τοῖς
566 945 778 1023 κοιτωνίταις,
810 943 841 1006 εἰ
860 931 927 1027 ὅρα
956 939 1013 1006 καί
1030 945 1173 1029 μηνυθῇ,
1201 941 1322 1026 λίτρας
1347 941 1397 1024 β’.

238 1043 317 1116 Deir
346 1043 383 1104 δὲ
402 1039 439 1106 τὸ
462 1035 657 1124 άτιοκδμβιον
670 1050 737 1116 τοῖς
756 1039 980 1127 πραιτιοσίτοις
999 1040 1061 1108 σάν
1083 1044 1140 1108 τοῦ
1151 1040 1394 1125 κουβουκλεὼκ

269 1140 327 1206 καί
354 1147 421 1218 τοῖς
449 1146 568 1217 λοιποῖς
595 1144 723 1228 χρυσοῦ
755 1144 867 1226 λίτρας
886 1140 924 1227 η’.
964 1145 1070 1208 ταῦτα
1100 1143 1136 1207 δὲ
1168 1137 1437 1228 δφφαιιάλιοςιο

266 1240 329 1305 καί
361 1237 541 1328 στρατηγὸς
572 1242 714 1306 δίδωσιν.
756 1239 775 1305 d
797 1244 833 1306 δὲ
853 1233 994 1328 άτιρατος
1023 1243 1103 1306 δι’δει
1122 1238 1234 1326 λίτρας
1254 1240 1295 1321 ζ’,
1328 1239 1396 1304 κατ’

266 1342 312 1426 τῷ
332 1343 388 1426 τῆς
407 1340 635 1417 καταστάσεως
656 1332 733 1407 drea
751 1342 813 1406 τοά
834 1339 967 1423 ὄψικίου
988 1391 1009 1422 ,,
1031 1339 1084 1424 ιβ,
1104 1337 1142 1406 τὸ
1161 1341 1293 1422 οἰγάιιον
1304 1389 1328 1420 ,,
1342 1338 1394 1422 ss',

266 1444 311 1527 τῷ
332 1441 471 1531 δευτέρῳ
491 1439 572 1527 ὑπὲρ
594 1443 660 1507 τάν
689 1443 821 1507 πλακοῖν
842 1491 864 1523 ,,
885 1440 945 1522 κδ,
977 1438 1035 1506 καί
1052 1441 1098 1516 εἰς
1117 1437 1158 1506 τά
1179 1439 1300 1524 ταβλία
1322 1441 1393 1504 τοῦ

116 1542 436 1624 λίιω36.λιχλανιδιὀυ
457 1593 479 1623 ,,
500 1540 562 1622 κδ’,
591 1542 637 1629 τῷ
656 1541 822 1629 κανικλείῳ
844 1541 927 1628 άπερ
955 1544 1012 1606 τοῦ
1040 1533 1231 1606 κωδικέλλου
1253 1537 1307 1624 ις’,
1336 1539 1392 1614 εἰς
1474 1533 1475 1548 ’

267 1637 328 1724 τὴν
364 1639 458 1724 άγίαν
484 1640 638 1727 Σοφίανε
662 1637 720 1714 λς’.
761 1640 1008 1728 τρισκαιδεκάτῃ
1035 1637 1056 1725 ἦ
1083 1643 1148 1706 τάν
1181 1634 1431 1705 &mandamns
1474 1707 1475 1728 ρ

267 1734 362 1822 άξία,
387 1734 427 1826 ἧς
446 1746 609 1826 βραβεῖον,
633 1743 820 1806 :utstatim
839 1739 1075 1825 άλουργοειδεῖς
1096 1742 1324 1826 γεγραμμένοι,
1344 1740 1386 1803 ἐκ
1474 1735 1475 1754 ’

267 1827 436 1925 βασιλικάς
467 1837 580 1925 χειρὸς
600 1839 825 1908 ἐ’τιιδιδονται.
869 1841 984 1905 δίδωσι
1019 1836 1194 1925 συνήθειαν
1230 1833 1288 1902 civ
1319 1839 1386 1902 τοῦ

267 1939 488 2022 κανικλείου,,
509 1938 550 2024 η’,
577 1938 634 2006 καί
664 1942 711 2028 τῷ
744 1942 883 2029 δευτέρῳ
905 1988 927 2024 „
949 1937 976 2003 δ’
977 1989 987 2019 ,
1025 1941 1084 2004 καί
1109 1945 1177 2015 τοῖς
1205 1941 1383 2024 πραιτιοσί-

116 2051 334 2124 Εδλιλιυτοις
352 2089 374 2120 „
396 2036 455 2102 κδ’.
484 2037 812 2126 τεσσαρεσκαιδεκάτη
837 2039 859 2124 ἦ
879 2042 943 2104 τῶν
963 2036 1176 2117 ἐνδοξοτάτων
1194 2041 1381 2124 μαγιλιτροοτ

269 2134 364 2218 α’ξία,
404 2128 443 2222 ἧς
467 2141 636 2221 βραβεῖον,
669 2135 772 2221 χιτάν
802 2134 917 2210 λευκάς
937 2111 994 2203 'dv
1022 2133 1288 2226 χρυσοάφαντος,
1321 2139 1417 2202 καίεο

269 2235 392 2316 inopis
408 2231 650 2320 χρυσάταβλος,
671 2242 728 2302 καί
748 2235 832 2322 §nim
854 2238 1029 2322 δερματίνη
1050 2233 1192 2312 κόκκινος
1212 2241 1248 2304 εἰι
1268 2239 1376 2304 λίθων
1474 2283 1475 2292 ι

267 2337 384 2418 τιμίων
410 2337 647 2421 κεκοσμημένη,
675 2331 743 2422 ἥτις
772 2339 898 2420 λέγεται
925 2339 1092 2420 βαλτίδιν,
1133 2334 1189 2401 dus*
1207 2340 1267 2402 susi
1293 2360 1375 2423 χρυ-

339 2454 523 2526 σαιιλξλρεδ.
595 2476 637 2511 ar.
651 2458 753 2530 inspic
772 2456 833 2517 cod.
849 2456 933 2511 ctcd.
970 2456 1011 2513 ci.
1026 2458 1102 2511 lbad
1122 2456 1149 2511 b.
1164 2460 1182 2509 l.

268 2582 313 2629 cte
354 2590 369 2627 e
386 2574 547 2642 inhaereat,
566 2578 743 2651 committit];
764 2578 813 2631 dat
831 2578 1062 2633 consuetudinem
1076 2576 1305 2649 protospathariis
1324 2595 1372 2631 en-

266 2663 322 2698 nuc
344 2648 367 2698 is
386 2649 433 2716 243
452 2650 682 2717 protospathariis
701 2649 827 2704 barbatis
848 2650 899 2719 ad,
925 2658 1057 2719 catepano
1079 2654 1124 2713 18,
1152 2648 1303 2701 domestico
1319 2652 1369 2701 irn-

268 2715 467 2787 perialium6‚
493 2720 592 2789 papiae
613 2728 643 2772 et
660 2720 779 2773 deutero
797 2722 822 2773 6.
860 2720 889 2772 Si
914 2736 978 2773 vero
1006 2722 1036 2772 in
1055 2718 1271 2793 chrysotriclinii
1288 2721 1369 2772 mini-

269 2791 387 2841 sterium
413 2786 586 2843 adscribatur
612 2792 732 2878 eiusque
748 2800 843 2860 protos
864 2789 979 2844 albariis
997 2788 1178 2875 adiupgatur,
1207 2788 1255 2843 dst
1276 2792 1370 2861 papiae

271 2859 337 2982 iire
351 2859 841 3003 {didit‚ttrittfftttt
857 2860 1370 2985 elitttlttttttttdsl'tt:

269 3001 387 3067 tundqps
407 3000 539 3069 pendere.
575 3002 749 3057 Duodecima
767 3002 887 3071 dignitas
907 3010 949 3055 est
968 3001 1163 3071 spectabilium
1182 3005 1369 3071 patriciorum,

271 3072 350 3124 cuius
376 3070 510 3124 brabeurn
534 3079 600 3125 suut
624 3074 739 3127 tabulae
767 3073 908 3127 eburneae
926 3075 1082 3127 cum'isstus
1101 3070 1220 3127 conditis
1239 3074 1368 3127 codicillis

269 3142 432 3211 perscriptis
451 3141 617 3197 admodum
635 3144 720 3213 legis,
739 3162 808 3216 quas
828 3160 899 3196 novo
918 3144 1037 3213 patricio
1058 3144 1209 3213 imperator
1228 3146 1239 3197 i
1261 3162 1289 3197 se
1306 3161 1369 3214 por·

270 3212 345 3281 sigit.
382 3211 552 3278 Coetouitis,
571 3216 595 3266 si
611 3216 684 3268 sorte
702 3216 738 3267 ab
757 3216 826 3285 ipsis
844 3218 871 3268 ei
885 3216 1112 3284 praenuntiatum
1132 3214 1218 3267 fuerit
1236 3162 1289 3285 falc
1302 3231 1368 3269 novo

270 3278 378 3335 bonore
396 3282 451 3351 ipsi
471 3280 624 3355 destinato]
643 3287 692 3339 dat
709 3288 789 3339 litras
807 3304 840 3349 a,
861 3294 890 3339 et
907 3286 1092 3355 praepositis,
1118 3284 1246 3339 cubiculo
1265 3294 1292 3339 ct
1308 3287 1370 3339 reli·

272 3355 336 3424 quis
361 3369 410 3422 pro
437 3355 603 3422 apocombio
627 3374 675 3408 seu
695 3357 822 3427 sportula
841 3357 901 3410 auri
919 3357 998 3409 litras
1017 3361 1041 3413 8.
1077 3356 1255 3409 Tantundem
1273 3354 1368 3426 pendet
1426 3394 1428 3397 -

271 3430 330 3475 tam
347 3422 486 3488 officialia,
506 3443 590 3496 quam
609 3434 759 3499 strategum
783 3444 879 3482 verum
898 3427 1032 3496 patriciae
1047 3428 1240 3481 tantummodo
1258 3426 1367 3480 bonora-

271 3493 330 3547 rius
354 3492 402 3545 dat
432 3495 510 3548 litras
532 3514 563 3565 7,
581 3507 611 3549 et
626 3500 821 3553 cerimoniario
847 3506 956 3567 praeter
977 3498 1143 3568 obsequium
1157 3514 1196 3551 sa.
1230 3496 1367 3571 obsequio

271 3571 365 3617 sutem
386 3564 446 3638 [seu
463 3567 563 3620 turbae
582 3570 673 3637 ipsum
692 3568 805 3623 domum
826 3568 974 3623 deducenti
1007 3572 1057 3635 θος
1082 3584 1165 3639 porro
1190 3568 1237 3621 dat
1261 3569 1365 3622 deuota

272 3649 325 3707 pro
341 3636 445 3691 tabulis
464 3636 594 3691 eburneis
614 3639 650 3706 ad
667 3647 696 3693 et
716 3657 767 3709 pro
786 3640 896 3693 tunicae
915 3641 1010 3693 tablsis
1022 3638 1063 3707 ai.
1101 3638 1225 3692 Caniclei
1235 3640 1364 3709 praelecto

271 3722 323 3777 pro
342 3708 489 3761 codicillis.
502 3712 534 3762 16
554 3718 583 3764 ct
600 3709 626 3761 S.
642 3709 764 3782 Sophiae
780 3713 823 3765 isa
860 3711 1058 3765 Decimatertia
1076 3706 1194 3779 dignitas
1216 3719 1259 3763 est
1276 3709 1366 3778 anthy-

271 3786 401 3848 palorum
427 3780 470 3832 vel
496 3779 708 3849 proconsulum,
737 3784 816 3835 cuius
853 3780 988 3836 brabcum
1007 3788 1074 3835 sunt
1097 3780 1220 3835 codicilli
1243 3782 1364 3851 purpurei

273 3851 373 3903 coloris
392 3852 548 3919 perscripti,
567 3852 713 3904 aDomino
733 3852 844 3919 traditi;
863 3850 1149 3907 datcousu'etudincm
1167 3852 1278 3905 caniclii
1293 3868 1366 3921 pras-
1474 3890 1475 3895 =

274 3920 348 3972 fecto
369 3925 386 3977 8
404 3929 432 3973 et
450 3922 565 3975 deutero
582 3924 600 3990 4
618 3932 647 3974 ct
665 3926 833 3993 praepositis
852 3924 894 3993 ai.
938 3925 1151 3993 Decimaquarta
1183 3922 1300 3993 dignitas
1328 3930 1364 3977 est

274 3989 535 4069 gloriosissimorum
553 3994 764 4071 magistrorum,
788 3997 867 4051 cuius
885 3994 1021 4051 brabeum
1047 3994 1141 4051 tunica
1166 3992 1281 4051 candida
1305 4010 1363 4049 suro
1474 4036 1475 4059 r
