3042 4825
334 223 391 289 nn
419 219 617 290 murore.
646 219 785 286 amun
813 220 983 290 armar.
1011 223 1054 285 rr.
1076 228 1128 294 u,
1193 195 1278 309 657

186 371 239 444 δτι
257 371 424 458 ἐδέξατού
440 373 610 463 etpumia
634 375 699 441 τῶν
718 369 982 461 Κιβαρέρύαιατῶν
1002 376 1058 442 καί
1079 374 1098 440 δ
1117 377 1281 442 rorensium

186 477 249 542 suis
269 478 472 561 Mepdai'roiv
489 469 677 555 Ἀτταλιας,
719 475 774 539 ἵνα
794 470 811 538 ri
831 475 891 554 μέν
910 471 1088 560 στρατηγὸς
1108 469 1281 564 ιύτριπέση

184 571 339 660 χολάνδια
360 569 420 638 δύο
440 567 503 637 άπὸ
522 575 586 638 τοῖν
606 573 727 638 ούσιόν
747 573 813 638 τοῖν
832 575 1064 659 τονρμαρχῶν,
1097 571 1115 638 d
1137 576 1172 639 δὲ
1192 597 1283 638 κατι-

185 672 277 740 nire
297 676 360 740 τοῖν
379 671 583 757 Μαρδαῖτοῖν
604 674 785 758 εδτριπέση
805 673 950 754 parturire,
971 674 1028 736 καί
1055 669 1110 736 διά
1126 675 1310 758 Μαρτίονῦ

164 769 284 857 δμηνδς
303 771 514 836 homedeus
534 763 619 835 αύτύ
641 773 688 848 eie
707 771 848 854 Σνρέαν,
886 773 938 835 ἵνα
952 809 956 820 ·
969 767 1046 856 napi
1072 769 1196 836 πάντων
1216 774 1281 837 τῶν

185 873 287 936 tersa
325 872 552 952 μελετωμένων
591 867 649 934 καί
694 871 920 953 πραττομένων
949 869 1116 954 ἐνέγκαοιν
1144 868 1300 954 δπόκριι.

183 993 240 1034 αττ
262 969 319 1032 καί
340 969 460 1054 α’ληθὲς
478 966 661 1050 μανδάτον.
701 968 821 1048 ἐατέον,
862 963 911 1034 ὅτι
941 969 1071 1047 ἐδέξατο
1103 965 1123 1032 δ
1154 993 1280 1055 πρωτο-

182 1066 366 1151 απαδύριος
395 1067 494 1134 Ater
523 1065 581 1133 καέ
617 1058 729 1152 άρχαν
749 1066 908 1153 Κύπρον,
946 1061 965 1130 o‘
995 1069 1053 1130 τού
1081 1069 1279 1153 Σομβατιλιη,

181 1164 375 1230 ἀποστεῖλαι
396 1167 542 1252 α’κριβιῖς
561 1161 779 1244 καταακύπονς
796 1162 842 1242 εἴς
856 1188 892 1231 re
912 1161 968 1230 τὸν
985 1161 1099 1230 κόλπον
1118 1169 1176 1250 τῆς
1198 1171 1283 1252 Ταρ-

145 1267 247 1342 ωοού
266 1265 324 1329 καὶ
342 1265 389 1340 sle
406 1260 447 1330 τά
471 1261 612 1346 Στάμια,
636 1261 685 1330 ἐτι
705 1264 742 1330 δέ
762 1264 819 1328 καί
841 1262 923 1351 πρὸς
946 1263 1096 1349 Τρίπολιν
1115 1262 1172 1330 καί
1189 1270 1283 1331 Auo·

182 1362 314 1442 δέκιιαν,
335 1364 390 1428 δια
409 1365 445 1428 ἐκ
465 1365 528 1428 τιύν
551 1363 742 1454 ἀμφοτέραν
762 1365 872 1449 μεροῖν
891 1363 1041 1445 ἐνέγκωσι
1060 1359 1224 1446 μανδάτα,
1250 1359 1286 1430 εἴ

183 1483 218 1525 τι
236 1457 293 1524 διά
313 1461 449 1545 μελέτης
469 1458 602 1544 ἔχουσιν
622 1460 653 1524 oi
672 1462 862 1546 Σαρακηνοέ.
904 1461 1015 1541 ἐατέον,
1043 1455 1091 1526 ύτι
1112 1463 1241 1540 ἐδέξατο
1262 1461 1283 1528 δ

181 1554 357 1645 στρατηγὸς
379 1560 613 1645 Θισσαλονάιης
638 1560 696 1624 τοῦ
728 1567 843 1642 καμεῖν
862 1563 993 1642 σαντ’τας
1010 1558 1172 1642 χιλιάδας·
1181 1560 1208 1626 o'
1230 1565 1286 1628 καί

180 1657 340 1738 μοναύλια
357 1657 511 1742 χιλιάδας
528 1655 555 1742 γ’
577 1659 633 1724 κατ’
652 1658 847 1745 σκοντάρια,
886 1653 948 1723 lou
969 1659 1112 1746 δυνηθῇ.
1153 1661 1310 1744 Curioni)

145 1751 236 1832 rsi'rs
256 1758 385 1834 ἐδέξατο
405 1757 424 1820 ύ
446 1754 555 1843 κριτὴς
576 1753 724 1833 Ἑλλάδος
744 1759 858 1839 καμεῖν
876 1755 1036 1838 μοναύλια
1058 1782 1104 1848 ια,
1126 1753 1208 1845 άπερ
1228 1759 1286 1824 κατ’

182 1857 384 1920 beurunes.
426 1857 557 1932 ἐδέξατο
587 1854 625 1920 δὲ
645 1865 761 1936 καμεῖν
781 1855 839 1920 καὶ
858 1857 951 1938 ἕτερα
970 1853 1027 1920 καὶ
1044 1853 1284 1940 καταμαγιάααι

183 1950 268 2020 edroi
291 1953 326 2018 ἐν
345 1945 393 2028 οἷς
414 1945 455 2018 ds
477 1956 616 2037 δέξηται.
656 1954 779 2035 ἐατέον,
800 1949 850 2018 ὅτι
870 1954 998 2032 ἐδέξατο
1018 1951 1037 2018 δ
1059 1944 1170 2039 ἅρχων
1191 1951 1283 2040 Χρη-

181 2075 245 2116 πον
266 2053 301 2118 ἐν
320 2053 365 2140 τῷ
392 2052 511 2131 δέματι
537 2047 693 2128 Ἑλλάδος
712 2060 826 2134 καμεῖν
845 2052 979 2137 σαμέτᾳς
1005 2047 1160 2134 χιλιάδας
1179 2047 1206 2120 α’
1227 2055 1285 2120 καλ

180 2147 340 2233 μοναύλια
359 2145 512 2234 χιλιάδας
530 2147 568 2232 y'.
612 2144 765 2224 ύσαύτας
788 2149 846 2216 κατ’
870 2145 887 2214 o‘
909 2146 1081 2237 στρατηγός
1103 2147 1282 2218 Νικοπόλε-

140 2274 228 2328 nurse
248 2247 304 2314 κατ’
324 2247 341 2312 δ
362 2245 624 2332 Πελοποννήσου.
644 2247 759 2330 ἐατέον,
782 2241 833 2314 ὅτι
853 2250 983 2328 ἐδέξατο
1005 2247 1022 2312 d
1043 2247 1283 2334 πρωτοσπαδά·

181 2372 251 2435 ριος
263 2347 428 2435 Θεόδωρος
443 2345 460 2415 δ
476 2349 536 2412 τού
550 2343 732 2435 Παγκράτη
753 2347 907 2414 άπελδεῖν
921 2350 967 2423 εἷς
982 2347 1207 2427 Ἀναιολικούς
1226 2351 1282 2415 καὶ

179 2444 454 2535 καταγράψασδαι
470 2444 549 2522 τούς
563 2446 799 2529 Πλατινιάτας,
820 2443 877 2511 sal
895 2446 937 2511 δι’
950 2445 1057 2512 αύτιύν
1075 2448 1132 2512 sci
1149 2449 1191 2513 δι’
1212 2442 1422 2525 iri-Ertha&

179 2643 260 2696 ciunt
282 2642 360 2697 litras
381 2641 426 2708 13,
449 2640 586 2707 num164.
623 2642 696 2695 'l'ota
714 2656 818 2694 summu
838 2637 965 2711 prochrei
985 2649 1092 2696 centen.
1111 2640 1138 2711 d,
1157 2642 1211 2695 litr.
1232 2644 1276 2709 52,

180 2730 257 2767 mem.
275 2715 320 2772 oo.
355 2713 492 2783 strategus
512 2711 773 2779 Cibyrrhaeotarum
792 2714 821 2765 in
842 2730 870 2765 se
892 2713 998 2783 recepit
1021 2730 1182 2784 praeparare
1210 2712 1276 2769 cbe-

180 2784 274 2837 landia
301 2784 356 2837 duo
385 2800 400 2836 e
430 2781 585 2834 familiabus
611 2782 833 2837 turmarcharum.
871 2780 1010 2851 Catepano
1041 2800 1089 2837 seu
1117 2786 1276 2853 capitaneus

180 2853 377 2908 Mardaitarum
400 2852 519 2906 Attaliae
539 2869 603 2904 vero
631 2852 736 2921 recepit
761 2856 792 2906 in
810 2869 838 2905 se
866 2853 1103 2921 praeparationem
1128 2854 1275 2924 galearum.

180 2924 367 2979 promiserunt
386 2940 499 2995 quoque
518 2920 586 2976 haec
608 2938 702 2974 mense
724 2922 826 2976 Martio
852 2924 881 2975 in
906 2924 1009 2991 Syriam
1034 2924 1157 2985 mittere,
1182 2932 1214 2977 ut
1239 2924 1274 2977 de

181 2995 326 3060 omnihus,
361 3012 433 3065 quae
453 2990 495 3045 ibi
529 2993 574 3045 rel
600 2992 724 3043 consiliis
756 2996 916 3062 agitantur,
942 2995 987 3049 rel
1010 2994 1070 3063 ipso
1092 2996 1275 3051 instituuntur

181 3080 274 3135 opere,
304 3065 467 3118 relationem
486 3070 516 3115 et
532 3078 626 3115 verum
650 3060 810 3117 mandatum
828 3081 875 3117 seu
904 3065 1030 3117 notitiam
1058 3067 1179 3117 afferant
1216 3064 1273 3117 Leo

178 3134 417 3206 protospatharius
433 3142 463 3187 et
480 3134 635 3201 praelectus
655 3132 753 3202 Cypri,
779 3133 814 3185 de
840 3141 922 3204 gente
942 3134 1108 3202 Symhatici‚
1133 3137 1163 3187 in
1181 3152 1210 3187 se
1228 3150 1274 3187 re-

180 3208 274 3276 cepit,
298 3205 367 3258 lidos
385 3213 415 3257 et
438 3204 587 3275 diligentes
605 3203 791 3272 exploratores
817 3205 847 3256 in
870 3205 959 3268 sinum
977 3206 1140 3258 Tarsensem
1162 3206 1273 3258 mittere

180 3284 210 3330 et
228 3277 259 3329 in
276 3276 467 3347 provinciam,
489 3276 534 3328 cui
551 3290 653 3329 nomen
675 3281 718 3325 eat
734 3274 827 3339 θαλίας
853 3273 920 3327 item
938 3272 973 3325 ad
996 3276 1142 3344 Tripolin,
1168 3275 1273 3329 Laodi·

179 3362 287 3412 caeam,
315 3352 348 3399 ut
365 3364 399 3399 ex
418 3344 544 3401 omnibus
562 3345 620 3397 illis
643 3343 768 3414 partibus
790 3343 919 3397 mandata
945 3362 994 3397 seu
1020 3347 1133 3399 notities
1159 3350 1273 3401 atterant

178 3433 293 3484 eorum,
319 3432 389 3489 quae
412 3417 539 3470 Saraceni
563 3416 724 3470 moliuntur.
771 3415 910 3485 strategus
936 3414 1149 3469 Thessalonicae
1166 3418 1273 3487 reecpit

178 3488 210 3539 iu
230 3489 362 3541 securam
381 3484 582 3541 fabrefaciendi
599 3488 758 3556 sagittarum
783 3484 900 3538 ducenta
928 3485 1033 3549 millia,
1058 3486 1199 3545 hastarum
1226 3488 1272 3539 vel

178 3558 378 3611 venabulorum
399 3560 452 3610 tria
476 3558 583 3621 millia,
605 3565 742 3611 scutorum
767 3562 906 3628 quotquot
923 3571 1069 3624 procurare
1087 3558 1181 3625 possit
1218 3556 1270 3609 lu-

179 3627 234 3681 dex
252 3628 377 3683 Helladis
400 3636 448 3680 aut
468 3628 598 3680 Graeciae
617 3627 721 3696 recepit
738 3626 808 3680 inse
827 3626 1046 3697 procurationem
1064 3627 1141 3679 mille
1157 3644 1271 3679 meuau·

176 3696 297 3763 liorum,
320 3716 391 3771 quae
411 3699 493 3751 etiam
510 3700 668 3766 praestititr
685 3706 716 3750 et
731 3704 875 3768 praeterea
893 3697 1022 3763 promisit
1045 3694 1100 3753 alis
1122 3714 1271 3767 procurare

178 3775 208 3821 et
225 3768 293 3821 illuc
310 3772 429 3833 mittere,
454 3786 509 3851 quo
527 3785 557 3820 se
575 3772 719 3821 missurum
737 3768 914 3821 condicturus
933 3768 978 3821 sit.
1015 3768 1168 3821 Praefectus
1190 3767 1271 3819 Chri-

176 3838 210 3907 pt
227 3836 285 3907 [seu
303 3840 446 3907 Euboeae]
462 3856 492 3891 ιο
509 3836 628 3893 themate
647 3839 690 3890 vel
707 3837 848 3907 provincia
876 3836 999 3891 Helladis
1021 3838 1149 3905 promisit
1166 3852 1271 3899 curare,

177 3914 211 3959 ut
236 3908 413 3963 fabrefiereut
434 3910 591 3979 sagittarum
614 3909 732 3962 ducenta
750 3908 840 3961 millia
860 3916 888 3960 et
912 3908 1112 3961 venabulorum
1131 3908 1185 3973 tria
1202 3906 1268 3959 mil-

177 3976 226 4034 lia.
261 3978 338 4031 Idem
359 3982 389 4033 in
409 3994 438 4031 se
456 3987 618 4049 receperunt
636 3995 748 4051 quoque
767 3979 878 4049 strategi
897 3977 1061 4048 Nicopoleos
1081 3985 1110 4029 et
1132 3974 1269 4045 Pelopon-

176 4048 246 4101 nesi.
288 4048 522 4120 protospatharius
551 4050 724 4114 Theodorus,
749 4046 884 4101 Pancratli
914 4048 998 4111 filius,
1030 4044 1071 4119 [id
1099 4054 1142 4099 est
1168 4054 1269 4117 geute.

177 4134 251 4189 quae
268 4117 303 4175 de
320 4119 462 4173 Pancratio
488 4138 589 4175 nomen
606 4120 708 4185 habet,
734 4116 896 4195 oriundus,]
915 4119 1024 4188 recepit
1046 4120 1077 4171 in
1095 4132 1124 4171 as
1157 4116 1189 4171 iu
1206 4112 1268 4171 the·

212 4224 415 4282 θοιιιτιιιιιίιιιιι
430 4223 564 4296 Porphyr.
592 4224 649 4279 rot
667 4222 703 4311 1.,
1032 4218 1067 4289 ia
