3042 4825
163 169 170 180 -
276 113 362 220 480
497 139 697 208 tremum
725 143 783 210 uu
803 106 963 210 tuuuu
990 141 1156 212 rumim

149 293 454 384 ΜΜΜτριτύγιον.
495 292 513 360 ὁ
536 297 572 362 δὲ
593 297 737 382 ἐπείκτης
758 299 956 384 παρίσταται
974 301 1021 378 εἷς
1040 298 1097 377 τὰς
1121 296 1221 384 ταγύς
1237 297 1302 364 τοῖν
1321 297 1380 362 ἳπ-

206 421 209 438 ·
271 419 341 462 πων
360 398 416 460 καί
439 395 485 470 εἰς
503 391 544 460 τύ
565 397 773 479 καλογιύματα
800 401 859 463 καί
876 399 922 474 εἰς
941 396 984 462 τύ
1004 400 1176 483 καπίστρια
1194 396 1252 462 καί
1268 397 1314 472 είς
1334 377 1379 460 τα

273 495 458 578 σαγίσματα
481 496 538 560 καί
558 497 605 572 είς
623 492 680 562 τὸν
700 494 814 562 ποιόν.
853 499 1018 580 θέσπισμα
1045 500 1082 564 δὲ
1101 498 1238 583 ἀρχαῖον
1256 492 1382 576 κογχύ-

272 615 320 659 νει
339 590 523 675 βασιλικόν,
543 593 595 660 ἵνα
614 595 726 679 μηδείς
745 597 891 685 λαμβάνῃ
909 593 1124 682 χαριστικῆν,
1139 593 1218 681 urire
1235 594 1382 677 μώλύρι-

274 715 321 774 ον,
339 688 419 776 μήτε
441 692 636 778 παρίππιον,
656 689 731 777 ἔχον
751 692 920 781 βασιλικὴν
937 695 1101 782 σφαγίδα,
1134 698 1189 760 λ’να
1206 691 1252 779 μὴ
1274 697 1404 762 κατα-5

275 791 418 880 κοινωθῇ
443 785 464 876 ἦ
493 793 693 877 προμοσέλλα
721 795 779 859 καί
808 788 980 881 ἀπόληται.
1023 793 1086 860 &dv
1115 798 1153 862 δέ
1180 817 1230 870 τις
1258 787 1382 877 εύρεθῇ
1413 838 1416 844 ,

245 891 417 967 ῃτοιούτον
439 887 532 972 ἔχων,
553 889 597 968 ὥς
618 893 750 978 κλέπτης
769 895 1032 973 καταδικάζεται·
1061 897 1098 962 έκ
1117 896 1154 959 δὲ
1173 895 1238 958 τῶν
1256 889 1303 975 μὴ
1325 881 1382 954 ὅν-

275 1012 340 1054 των
360 987 484 1072 ἀλόγων
506 989 781 1076 ἐσφραγισμένων,
803 988 884 1059 ύποο
905 992 1028 1058 κελεύει
1048 989 1066 1057 ὁ
1084 990 1258 1076 βασιλεύς,
1281 989 1382 1054 δίδον·

274 1113 337 1168 σιν,
357 1085 422 1152 εἴτε
442 1090 597 1172 ἐθνικαῖς,
618 1089 680 1156 εἴτε
700 1089 891 1180 πρύσφοξιν,
912 1091 976 1159 εἴτε
997 1085 1107 1168 ἄλλοις
1126 1094 1211 1158 τισίν
1217 1141 1228 1173 ,
1258 1084 1306 1166 οἷς
1326 1111 1382 1154 κε-

274 1185 362 1252 λεύει
382 1182 438 1250 καί
456 1185 623 1269 βούλεται.
665 1190 921 1278 έσφραγισμένον
950 1191 1014 1275 γὰρ
1044 1188 1200 1276 ῖππύριον
1225 1184 1427 1273 ipsiuidi-ro

278 1307 349 1370 ριον
368 1288 520 1374 βασιλικῇ
538 1287 659 1377 βούλλῃ
681 1283 790 1355 uideri
809 1291 935 1355 δίδοται
954 1292 1001 1365 εἰς
1020 1284 1232 1374 χαριστικὴν·
1268 1283 1379 1370 ἐπειδὴ

276 1382 360 1470 γὰρ,
397 1377 451 1448 ὅτε
471 1387 604 1470 γηράσει
631 1391 687 1452 καί
708 1389 914 1474 α’νενέργητον
934 1384 1016 1473 πρὸς
1037 1383 1225 1471 ὁδοιπορίαν
1248 1387 1382 1468 γένηται

275 1479 435 1560 ταξσιύιλιο
447 1531 457 1565 ,
503 1477 658 1552 ἀλλάσσει
689 1483 772 1551 αύτὸ
802 1489 849 1563 είς
879 1482 938 1570 τὴν
958 1483 1128 1571 βασιλικήν
1147 1483 1382 1568 προμοσέλλαν.

277 1581 400 1668 σ’φείλει
422 1584 458 1649 δέ
479 1581 498 1646 ὅ
518 1580 619 1669 κόμης
638 1589 698 1649 πού
726 1585 867 1666 στύβλοο
895 1582 990 1650 auid
1015 1582 1252 1671 χαρτοολύριος
1299 1580 1382 1666 μετὰ

275 1684 338 1748 τῶν
358 1677 524 1767 οἷρχύντισν
545 1683 654 1750 αύτιύν
674 1687 896 1772 παρώσασθαι
915 1687 959 1763 εἰς
989 1684 1050 1761 κύς
1067 1682 1234 1767 βασιλικὰς
1254 1678 1426 1770 puerei-15

252 1805 355 1864 (ςσεις,
374 1785 428 1848 ἵνα
448 1785 578 1849 ἕκαστον
598 1785 774 1869 σαγμύριον
791 1784 934 1874 βαστύζῃ
954 1783 1076 1867 μούίων
1095 1783 1123 1869 η’
1144 1782 1305 1870 γομύριον·
1327 1783 1384 1850 καί

201 1925 205 1944 .
276 1878 317 1948 ύν
338 1875 457 1966 εύριοσι
477 1879 558 1946 κατὰ
579 1879 640 1966 τήν
664 1878 737 1948 ὁδὸν
758 1883 1032 1970 ε’πιφορτούματα,
1060 1879 1216 1948 τύπτουσι
1231 1880 1309 1956 τούς
1328 1903 1382 1947 rs·

274 1979 422 2055 θσικύτας
442 1977 484 2044 τοὶ
505 1983 653 2064 τοιαῦτα,
677 1985 733 2047 καί
752 1983 920 2067 ῥίπτουσιν
939 1981 1039 2046 adrui.
1061 1982 1118 2046 καί
1134 1978 1217 2061 μετὰ
1239 1975 1277 2043 τύ
1299 1972 1382 2044 duo·

276 2079 513 2163 καταποθῆναι
529 2075 589 2162 τήν
609 2089 776 2163 κομπῖναν,
796 2079 879 2162 τότε,
900 2078 965 2144 ἐὰν
978 2079 1098 2144 κελεύει
1119 2073 1136 2141 d
1156 2074 1309 2161 βασιλεύς
1324 2099 1382 2141 πε-

277 2185 424 2264 ριπατεῖν
445 2173 504 2262 τὴν
524 2179 604 2260 μιάν
626 2178 743 2266 κόρσην
762 2177 820 2244 καί
842 2177 901 2255 τὰς
920 2178 1067 2265 ἧμισειας
1084 2179 1214 2257 εέντας,
1235 2171 1305 2258 ἅμα
1326 2176 1423 2250 suino

279 2414 335 2469 rios
356 2420 449 2468 eutem
467 2430 554 2485 equos
574 2415 697 2487 triplum.
736 2418 847 2488 Epictes
868 2432 933 2471 vero
955 2415 1001 2487 [id
1026 2421 1069 2470 cst
1089 2415 1247 2487 compulsor
1266 2421 1296 2467 ct
1312 2430 1381 2486 ope-

279 2502 372 2537 rarum
389 2486 526 2569 regiarum
551 2486 740 2560 praelectus,)
760 2487 852 2541 ailstut
876 2488 1053 2550 observatur,
1076 2487 1189 2557 quando
1210 2486 1276 2557 equi
1297 2502 1381 2554 pensa

280 2572 329 2609 sua
346 2557 404 2609 oeci
425 2564 501 2621 tunt,
517 2563 547 2609 et
559 2557 660 2627 caliges
678 2566 707 2610 et
723 2560 842 2627 capistra
855 2565 885 2610 et
897 2559 1031 2627 stragulss
1050 2563 1079 2609 et
1094 2565 1199 2627 potum.
1235 2558 1284 2608 Est
1298 2570 1382 2623 porro

280 2635 359 2680 retus
381 2576 502 2679 edimum
529 2643 559 2680 re
578 2628 653 2691 ium,
685 2646 720 2681 ne
743 2630 807 2699 quis
828 2628 859 2680 in
882 2646 983 2681 munur
1002 2628 1122 2697 accipiat
1141 2628 1249 2678 mulum
1268 2625 1382 2695 parhip-

281 2698 409 2768 piumve,
435 2697 511 2767 quod
529 2646 633 2750 habeat
656 2699 803 2769 imperiale
817 2700 925 2769 signum
953 2700 1132 2767 impressum,
1161 2714 1198 2749 ne
1216 2696 1381 2767 promorella

282 2786 331 2821 seu
356 2768 496 2837 equitatus
525 2769 639 2837 privatis
669 2770 785 2839 Augusti
810 2770 906 2822 usibus
936 2769 1091 2822 destinatus
1133 2768 1163 2820 in
1191 2767 1267 2838 vulgi
1302 2766 1383 2819 cedat

285 2855 349 2891 usus
372 2839 557 2907 promiscuos,
591 2856 679 2909 euque
709 2840 854 2891 occasione
889 2841 1030 2891 minuetur
1063 2844 1092 2890 et
1120 2845 1224 2908 pereat
1261 2836 1291 2887 Si
1319 2837 1382 2906 quis

285 2908 369 2979 igitur
393 2908 530 2977 signatum
556 2910 639 2962 ermis
661 2910 854 2981 imperialibus
878 2910 1033 2963 iumentum
1059 2908 1164 2961 bebere
1189 2905 1380 2976 deprehenda-

284 2986 346 3041 tur,
375 2977 399 3030 is
423 2986 556 3049 tunquam
575 2982 620 3032 sur
651 2980 681 3033 in
710 2982 752 3033 ius
776 2988 890 3033 vocatur
908 2988 937 3033 et
958 2982 1112 3031 damnatur.
1148 2980 1191 3031 De
1218 2980 1316 3030 ceteris
1334 2977 1378 3028 iu·

284 3050 385 3101 mentis
401 3065 458 3101 non
474 3050 586 3119 signatis
605 3052 720 3120 largitur
742 3052 894 3121 Imperator
909 3068 959 3121 pru
977 3051 1070 3103 lubitu
1090 3058 1145 3101 tam
1163 3051 1282 3112 exteris,
1300 3064 1382 3119 quarn

285 3119 432 3189 transfugis
456 3120 593 3191 aliisque,
622 3121 725 3193 quibus
748 3123 811 3176 vult
829 3129 859 3175 et
879 3121 940 3173 dari
956 3120 1044 3173 iubet.
1079 3122 1151 3191 Equi
1166 3128 1260 3172 autem
1282 3126 1312 3171 et
1325 3135 1382 3169 mu·

286 3190 326 3254 ti,
346 3196 460 3259 augusta
477 3192 576 3261 signati
593 3192 689 3256 bulla,
713 3192 835 3254 nemini,
861 3200 893 3243 ut
912 3193 1089 3254 dictumest,
1109 3190 1256 3261 predone
1278 3189 1382 3257 gratui-

286 3268 316 3314 to
340 3259 449 3313 dautur.
484 3262 629 3315 Vetustate
650 3270 743 3317 eutem
769 3263 900 3315 detritum
921 3272 950 3317 ct
968 3261 1113 3315 laboribus
1135 3260 1245 3313 bellicis
1273 3259 1382 3311 itineri·

287 3329 396 3401 busque
415 3328 552 3384 obeundis
573 3334 699 3403 ineptum
728 3350 812 3405 porro
834 3336 936 3387 iactum
962 3332 1101 3405 quidquid
1124 3333 1225 3393 luerit,
1244 3330 1382 3393 id‚suiie-

287 3402 339 3454 ctis
362 3400 394 3453 in
413 3400 473 3453 eius
500 3402 590 3454 locum
624 3404 702 3466 aliis,
737 3405 919 3458 absconditur
947 3405 976 3457 in
997 3405 1191 3475 promosellam
1213 3401 1382 3471 imperialem

289 3488 338 3525 scu
362 3474 562 3543 promtuarium
588 3482 616 3527 ct
647 3475 771 3529 scholam
798 3477 876 3528 velut
899 3485 984 3546 atque
1012 3474 1190 3527 seminarium
1212 3471 1381 3525 sellariorum

289 3542 485 3611 imperialium.
520 3543 623 3599 Adesse
647 3546 752 3599 debent
768 3547 871 3600 stabuli
897 3553 1036 3601 comeret
1060 3542 1243 3597 chartularius
1261 3560 1324 3594 curn
1340 3559 1382 3593 re·

288 3614 369 3683 liquo
388 3614 481 3666 officio
500 3631 569 3678 suo,
596 3618 708 3686 quando
729 3618 821 3689 regiae
846 3618 967 3671 sarcinae
983 3619 1116 3669 iumentis
1133 3615 1333 3685 imponuntur,
1355 3619 1382 3663 ct

288 3683 461 3757 prospicere,⁸
475 3690 508 3735 ut
525 3688 688 3754 sagmarium
701 3688 921 3759 unumquodque
935 3695 1093 3757 competens
1107 3703 1186 3738 suurn
1204 3701 1284 3744 uuus,
1303 3682 1380 3753 quale

289 3756 397 3807 scilicet
420 3762 482 3808 ueto
504 3755 638 3817 frumenti
667 3760 774 3811 modios
801 3767 919 3829 aequat,
943 3759 1069 3829 accipiat
1106 3758 1228 3809 Potestas
1252 3753 1380 3816 illisce,

289 3825 314 3878 si
343 3826 403 3896 ipsa
421 3828 450 3878 in
468 3826 512 3877 via
538 3826 748 3898 deprehendant
775 3829 931 3883 iumentum
952 3846 1039 3883 unum
1064 3829 1216 3880 alterumve
1233 3839 1380 3894 superunc-

290 3903 382 3949 rutum
402 3914 479 3959 esse,
501 3898 565 3951 illos
583 3900 704 3954 stratibus
723 3901 872 3965 caedendi,
899 3903 949 3972 qui
968 3900 1046 3952 oneri
1065 3898 1237 3969 praescripto
1254 3896 1318 3966 plus
1334 3893 1383 3945 sd·

291 3968 421 4033 iecerint,
453 3974 481 4021 et
508 3968 568 4039 ipsa
597 3970 776 4041 superaddita
802 3988 887 4024 onera
911 3970 1070 4025 deiiciendi.
1107 3971 1144 4019 Ut
1166 3966 1380 4021 combinationes

291 4040 478 4094 iumentorum
498 4041 610 4097 tandem
629 4044 681 4099 rite
700 4044 815 4097 inerunt
834 4042 963 4099 reductae
982 4038 1037 4116 [se.
1056 4058 1072 4095 e
1089 4040 1234 4115 pascuis]‚
1251 4036 1381 4109 praecipit
