3042 4825
334 151 416 238 ητα
548 143 822 212 CONSTANTIM
850 141 1218 211 PORPHYROGEttm

330 303 483 390 λαμπρῶς
502 301 708 389 δμφιόζιται.
729 301 813 366 δίδοι
832 297 1009 384 συνήθειαν
1028 308 1096 376 ταῖς
1114 298 1440 386 πραιποσίτοις,,λς’,

329 400 374 494 τῷ
394 403 530 490 δευτέρῳ
551 451 572 484 ,,
595 397 647 488 ιβ’,
684 398 742 467 ἐόν
769 391 835 486 όιρα
856 397 954 486 (laium
980 398 1079 466 αότόν
1098 398 1265 483 βασιλικόν
1294 395 1438 482 ἱμάτιον,

329 507 374 595 τῷ
396 501 589 590 πριμικηρίιρ
601 551 622 582 ,,
636 500 674 574 ς’.
714 495 829 584 ἔκτηῆ
856 501 920 564 τῶν
940 501 975 564 ἐν
999 501 1111 574 αότοῑς
1130 502 1438 585 πρωτοσπαθτιριλιι

328 597 401 682 ἀξία
411 654 421 686 ,
452 591 491 686 ἧς
517 604 678 686 βραβεῖον,
697 601 843 685 χρυσοῦν
868 595 1040 682 μανιόιιιον
1059 600 1096 664 ἐκ
1114 603 1215 667 trem
1233 601 1363 680 τιμίων
1384 594 1438 662 κατ’

327 701 546 788 μαργαριτῶν,
576 700 630 764 ἐπὶ
656 701 714 764 τοῦ
744 699 880 784 αόχόνος
901 695 957 764 διό
982 695 1093 784 χειρός
1120 701 1278 782 βασιλέως
1300 691 1453 778 eumer-5

327 804 480 866 κλείεται.
518 796 622 884 χιτών
642 800 678 864 δὲ
699 797 756 864 καί
788 791 899 876 αότοῖς
918 796 1031 874 λιακός
1060 797 1320 885 χρασοκόλλητος
1345 800 1437 879 διβη·

326 898 485 985 τισοιιδης
505 897 562 964 καί
581 893 712 983 διπλόης
731 892 872 975 κόκκινος
900 896 962 964 σόν
992 897 1136 983 ταβλιλιις
1154 893 1438 985 χροσοόφόηοις.

178 1001 442 1084 Ειλλ.4ιρδίδωσι
463 996 636 1086 συνήθειαν
656 1006 721 1073 τοῖς
741 1000 962 1082 πραιποοίτοις
988 997 1046 1064 καὶ
1063 998 1240 1086 πατρικίοις
1261 992 1437 1078 triverim

325 1100 381 1164 καί
399 1098 697 1184 πριοτοσπαθαρίοις
716 1099 913 1181 εόνοόχοις,,
927 1094 984 1183 off,
1003 1102 1047 1186 τῷ
1066 1096 1170 1188 nands
1183 1097 1239 1164 καί
1254 1101 1304 1186 τῷ
1327 1094 1437 1161 δευτέ-

326 1224 372 1289 ριρ
387 1249 408 1281 ,,
422 1196 458 1274 ς’.
499 1194 620 1281 ἑβδόμη
654 1199 690 1262 δὲ
719 1200 861 1283 πέφυκεν
881 1195 901 1284 ἦ
919 1202 983 1264 τῶν
1002 1196 1232 1286 λαμπροτάτων
1250 1195 1462 1282 consum-¹⁰

324 1321 389 1364 τιον
409 1299 492 1378 α’ξία,
514 1289 552 1381 ἧς
571 1301 731 1384 βραβεῖον,
753 1293 871 1372 πλάκες
879 1296 1127 1385 πατρικιότητος,
1149 1291 1227 1365 ἄνευ
1246 1300 1311 1379 μὲν
1333 1297 1431 1361 xuss-

324 1401 441 1464 κελλῶν
461 1398 516 1462 ἐπὶ
533 1393 747 1482 προελεύσεως
774 1402 1039 1483 χροσοτρικλίνοα
1063 1396 1154 1483 χειρὶ
1174 1399 1341 1480 βασιλέως
1360 1399 1430 1462 e’m-

324 1499 479 1564 δίδονται·
498 1499 580 1563 δίδοι
600 1494 792 1582 συνήθειαν,
813 1499 845 1562 εἰ
862 1489 1057 1587 όρατιμηδῇ
1076 1495 1376 1582 πρατοσπαθόριας
1395 1498 1428 1560 ἐν

321 1601 367 1687 τῷ
386 1591 464 1680 ἅμα,
490 1603 520 1662 λ.
540 1595 580 1680 α’,
622 1594 678 1660 καί
697 1599 741 1685 τῷ
765 1595 903 1685 δευτέρην
916 1597 1004 1682 ,ὑπὲρ
1026 1599 1090 1662 τῶν
1111 1599 1241 1662 τιλακῶν
1253 1646 1276 1679 ,,
1292 1597 1357 1660 κδ’.
1397 1593 1427 1657 εἰ

245 1749 246 1754 ,
323 1699 361 1763 δὲ
380 1699 437 1761 καί
455 1695 620 1782 πατρίκιος
641 1690 658 1758 ό
680 1691 780 1770 αότός
799 1698 835 1759 ἐν
854 1697 964 1786 ταότηλ
982 1700 1113 1786 τιμηθῇ,
1135 1697 1250 1762 δίδωσι
1269 1690 1457 1779 συνήθει-15

324 1820 365 1862 τιν
385 1793 429 1872 ὥς
451 1793 480 1860 οῖ
500 1794 671 1882 πατρίκιοι.
712 1789 809 1880 όμδόη
829 1793 850 1878 ἡ
870 1798 934 1859 τῶν
952 1797 989 1862 ἐν
1008 1798 1116 1870 αὐτοῖς
1135 1796 1315 1880 πατρικίων
1339 1789 1423 1872 ἀξία,

294 1887 361 1983 Βῆς
392 1900 551 1983 βραβεῖον,
585 1889 709 1978 πλόκος,
731 1893 849 1974 δμοίως
877 1892 939 1960 σόν
957 1897 1157 1969 κωδικὲλλοις
1186 1893 1230 1969 αἶς
1249 1897 1331 1958 πᾶσι
1360 1899 1423 1964 τοῖς

320 2000 499 2081 πατρικίοις
520 1997 681 2060 δίδονται.
702 1996 743 2058 od
763 1989 989 2058 διαλλάττουσι
1010 1995 1054 2081 δὲ,
1073 1995 1108 2058 ἐν
1125 2001 1197 2068 ταῖς
1214 1987 1327 2058 uiros
1349 2013 1421 2056 στο-

320 2101 392 2172 λαῖς
418 2097 473 2180 τῆς
496 2096 558 2158 τῶν
587 2093 883 2179 πρωτοσπαδαριλον
903 2087 1092 2180 όμφιόσιως
1120 2090 1203 2177 πλὴν
1227 2091 1348 2175 λαόροις
1365 2087 1422 2161 »οἳ

319 2193 436 2276 μόνον,
469 2194 499 2258 τί
519 2184 584 2278 ἆρα
607 2195 663 2256 καί
693 2192 799 2278 ἧττόν
818 2192 1115 2280 πρωτοαπαδαριαν
1134 2193 1243 2269 αὐτοῖς
1262 2193 1448 2277 epium

321 2287 416 2373 δόξα,
450 2289 525 2355 οὐδὲ
546 2286 722 2356 κωλύονται
754 2291 785 2355 oi
805 2287 1011 2378 πραιπόσιτοι
1039 2293 1074 2356 ἐν
1095 2291 1260 2378 όφφικίοις
1281 2290 1416 2374 διαπρό-

319 2416 408 2473 πιιν,
432 2383 498 2457 οἷον
520 2381 560 2454 ἄν
580 2391 665 2457 ἐστιν
685 2389 855 2478 όφφίκιον,
880 2392 938 2456 τοῦ
957 2385 1040 2457 εἶναι
1059 2389 1117 2456 καί
1135 2386 1345 2478 πραιπόσιτος
1363 2384 1417 2453 κατ’

319 2630 372 2693 tis,
396 2628 511 2683 solenne
531 2642 631 2699 pompa
650 2627 835 2700 induta.,1lat
853 2627 1081 2682 consuetudinem
1101 2629 1266 2697 praepositis
1288 2640 1412 2680 nummos

319 2702 369 2761 36,
396 2700 510 2753 deutero
533 2717 579 2761 sa,
605 2699 627 2749 si
646 2698 717 2751 lorte
736 2700 791 2767 ipsi
810 2697 1003 2750 indumentum
1023 2700 1165 2769 imperiale
1184 2698 1297 2761 tradat,
1319 2698 1413 2769 primi-

319 2770 392 2821 cerio
415 2788 470 2823 ses.
489 2769 573 2820 Sexta
590 2768 708 2837 dignitas
726 2778 769 2821 est
786 2768 1069 2837 protospathariorum
1088 2769 1304 2821 cunuchicorurn
1319 2769 1412 2834 ,cuius

319 2838 454 2891 brabeum
473 2848 585 2909 torqueo
604 2856 701 2890 aureus
725 2839 839 2907 gemmis
865 2847 894 2889 et
920 2840 1073 2907 margaritis
1098 2840 1221 2902 obsitus,
1247 2856 1332 2911 quem
1358 2838 1413 2906 ipse

318 2910 470 2977 Imperator
495 2910 551 2960 suis
581 2908 707 2959 munibus
733 2908 893 2977 impositum
926 2910 1078 2961 cervicibus
1111 2907 1239 2961 honorati
1265 2908 1411 2962 concludit

316 2980 466 3051 Accipiunt
480 2987 621 3049 practerea
639 2984 668 3029 et
687 2978 739 3047 ipsi
758 2995 869 3050 quoque
889 2980 1009 3033 tunicam
1029 2976 1173 3031 candidam
1190 2996 1257 3030 auro
1279 2982 1412 3032 incrusta-

317 3056 374 3103 ssm
404 3050 440 3101 ad
464 3048 575 3102 modum
600 3047 741 3111 dibitisil,
767 3056 796 3100 et
825 3048 950 3117 diploids
969 3052 1124 3101 coccineam
1143 3066 1204 3102 cuns
1227 3049 1325 3103 tabliis
1350 3064 1410 3101 auro

319 3121 464 3173 contestis.
501 3122 554 3173 Dat
580 3118 808 3171 consuetudinem
830 3120 995 3190 praepositis
1023 3127 1052 3171 et
1073 3120 1197 3189 patriciis
1226 3121 1363 3173 ennuchis
1385 3122 1410 3169 ct

316 3189 545 3261 protospatharils
565 3189 697 3241 eunuchis
718 3206 767 3258 72,
785 3193 883 3259 papiae
902 3199 931 3242 et
948 3190 1062 3242 deutero
1080 3192 1106 3243 6.
1151 3190 1276 3259 Septima
1296 3191 1409 3262 dignitas

318 3269 361 3313 est
379 3260 625 3312 illustrissimorum
643 3260 881 3330 praepositorum,
900 3260 977 3312 cuius
997 3259 1129 3313 brabcurn
1147 3270 1211 3313 sunt
1229 3261 1343 3314 tabulae
1362 3277 1410 3329 ps-

316 3329 452 3391 triciotus‚
473 3330 576 3401 absque
595 3338 687 3383 tamen
706 3329 857 3395 codicillis,
875 3331 905 3382 in
922 3330 1098 3400 processione
1116 3332 1146 3383 in
1164 3332 1407 3398 chrysotricliuiun

318 3401 392 3468 regia
412 3418 494 3452 runnu
520 3399 647 3453 traditae.
672 3403 726 3455 Dat
748 3400 993 3464 consuetudinem,
1023 3403 1048 3453 si
1071 3403 1155 3455 simul
1176 3401 1406 3471 protospatharius

318 3470 488 3533 declaretur,
520 3471 611 3521 litram
630 3488 711 3523 unam
736 3480 766 3523 et
783 3473 899 3526 deutero
918 3490 968 3541 pro
984 3470 1088 3524 tabulis
1106 3473 1209 3526 solidos
1228 3479 1270 3541 τίη.
1314 3473 1407 3541 neque

319 3544 393 3594 enim
413 3558 469 3591 non
487 3542 658 3611 permittitur
677 3543 840 3610 praepositis
859 3544 890 3595 in
911 3542 1007 3595 officiis
1026 3544 1157 3601 eminere.
1189 3544 1283 3595 Potest
1299 3546 1405 3596 omnino

317 3612 490 3683 praepositus
511 3612 592 3664 simul
611 3612 693 3664 etium
712 3612 834 3665 ollicialis
850 3613 1052 3685 qualiscunque
1070 3614 1182 3665 tandem
1201 3630 1269 3671 csse.
1304 3614 1335 3666 Si
1347 3624 1405 3666 sero

319 3684 403 3735 simul
422 3699 533 3754 quoque
554 3683 685 3751 patricius
707 3687 897 3746 renuntietur,
922 3682 1021 3753 pendit
1040 3684 1204 3737 tantundem
1221 3693 1307 3754 atque
1323 3682 1406 3754 patri-

318 3754 363 3806 cii.
401 3753 502 3806 Octava
521 3761 564 3805 est
580 3756 778 3823 patriciorum,
803 3753 1019 3807 eunuelricornm
1037 3772 1156 3825 nempe,
1180 3754 1317 3824 dignitas,
1334 3753 1405 3806 cuins

321 3822 454 3876 braheum
475 3833 539 3877 sunt
566 3823 679 3877 tabulae
706 3825 843 3878 eburneae
869 3843 930 3879 curn
949 3824 1101 3888 codicillis,
1124 3824 1198 3877 haud
1222 3842 1299 3877 scens
1327 3834 1406 3894 atquc

319 3888 518 3949 sunt‘aliorum
537 3897 715 3965 patriciorum
731 3891 916 3948 barbatorum.
936 3896 1039 3947 llorum
1059 3897 1173 3949 vestitus
1191 3913 1207 3949 a
1225 3896 1328 3947 vestitu
1345 3910 1405 3965 pro·

317 3965 548 4034 tospathariorurn'
569 3982 625 4017 non
638 3966 729 4019 differt
746 3968 801 4019 nisi
819 3967 884 4017 loris
897 3972 1013 4028 tautum,
1031 3965 1054 4015 si
1068 3968 1152 4019 simul
1166 3968 1250 4021 ctiam
1266 3974 1405 4035 protospa-

323 4033 475 4090 thariorum
494 4034 658 4107 dignitatem
678 4045 783 4107 gerunt
818 4036 931 4092 Patricii
949 4036 1069 4091 cunuchi
1087 4038 1156 4095 dant
1180 4036 1403 4094 consuetudinem
