3042 4825
293 226 377 285 210
495 222 767 291 CONSTANTINI
795 222 1162 293 wnrfltaodanm

259 376 362 463 ορίου
371 426 381 459 ,
409 380 595 463 κρατοῦντες
611 375 670 464 τῆν
693 379 823 466 πρῶτην
842 384 907 447 τῶν
926 382 1152 466 συγκλητικῶν,
1173 378 1230 446 καὶ
1244 372 1380 447 ὄπισθεν

287 478 323 542 αὶ
334 483 454 545 λοιπαὶ
472 478 724 563 ύκολουθούσαι,
759 478 941 565 ἔμπροσθεν
962 483 999 546 δέ
1018 477 1180 567 ύστιύρισς
1199 480 1282 563 uersi
1303 486 1379 566 βερ-

284 576 372 661 γίυυ,
400 574 455 641 καὶ
473 572 551 641 ἔνθα
572 578 696 660 νεύσει,
722 581 938 662 προσκυνοῦσι
957 580 1074 664 τρίτον.
1116 579 1174 645 καὶ
1200 578 1379 663 εἰσάγονται

283 674 318 741 αἱ
338 674 569 762 προύρηθεῖσαι
590 675 651 740 siud
672 681 889 759 σιλεντιαρίονν
910 678 1136 764 κρατούμεναι,
1164 678 1220 745 καὶ
1239 702 1378 765 προσκυ-

282 776 372 841 νούσι
392 772 432 841 τύ
453 770 569 858 γύναια
588 779 651 841 τῶν
672 777 848 859 δεσποτῶν,
877 775 996 859 ὁμοίιος
1021 782 1078 844 καὶ
1103 782 1161 864 τῆς
1187 772 1397 862 αύγούστης,5

282 877 340 942 καὶ
358 869 411 941 ὅτε
431 872 651 961 πληρώσωσιν
671 872 706 939 οἱ
727 878 934 961 συγκλητικοὶ
950 875 1009 961 τὴν
1028 877 1261 964 προσκύνησιν,
1290 879 1378 961 ἔξέρ-

279 998 392 1058 χονται
413 964 509 1038 οὗτοι
529 975 574 1049 εὶς
595 971 653 1057 την
671 977 796 1058 χρυσῆν
815 985 911 1061 χεῖρα
930 978 987 1041 καὶ
1001 977 1149 1041 ἵστανται
1169 974 1300 1041 ἔνδοθεν
1321 978 1379 1059 τῆς

282 1074 442 1158 κορτίνας.
482 1071 538 1137 καὶ
572 1074 629 1157 τῆς
664 1070 841 1158 αύγούστης
867 1071 1057 1160 ἐξελθούσης
1087 1075 1132 1151 εὶς
1162 1072 1220 1159 τὴν
1250 1078 1377 1159 χρυσῆν

279 1182 385 1257 χεῖρα,
406 1172 606 1258 εἰσέρχονται
626 1162 759 1236 ὄπισθεν
777 1172 879 1255 αὐτῆς
901 1172 936 1235 ui
956 1175 1122 1257 πατρίκιοι
1142 1172 1199 1237 καὶ
1213 1172 1249 1237 αἱ
1268 1169 1380 1237 λοιπαὶ

279 1269 492 1354 συγκλητικοὶ,
513 1270 569 1335 καὶ
586 1272 748 1356 ἐξέρχεται
768 1270 789 1355 ἦ
809 1269 972 1353 αύγούστο
992 1271 1027 1335 έν
1048 1274 1093 1359 τῷ
1111 1264 1276 1359 ύνοποδιην,
1297 1265 1415 1351 ὄψι-ιο

278 1372 431 1455 καιομένη
460 1366 521 1435 sind
549 1374 605 1435 τοῦ
634 1372 876 1452 κουβουκλείου,
913 1366 968 1433 καὶ
991 1371 1136 1435 ἵστανται
1156 1366 1186 1434 oi
1215 1370 1376 1453 πατρίκιοι

283 1466 505 1555 κσνσιστούριον
525 1472 569 1549 εἰς
590 1468 626 1534 τὸ
648 1468 729 1535 αύτύ
752 1467 932 1550 ύνοπύύιυν,
960 1467 1015 1532 καὶ
1035 1467 1154 1552 στύσης
1173 1460 1291 1552 αύτῆς,
1320 1469 1375 1531 πί-

252 1584 411 1637 Ιλπτουσιν
431 1569 460 1633 οἱ
482 1572 651 1656 πατρίκιοι.
691 1570 748 1635 καί
767 1567 972 1633 ἀναστάντων
992 1567 1117 1649 ούτῶν,
1138 1572 1222 1633 νεύει
1242 1565 1260 1632 ὁ
1278 1592 1375 1653 πραι-

276 1666 402 1743 πύσιτος
422 1670 467 1756 τῷ
487 1670 544 1752 τῆς
565 1668 805 1748 καταστάσεως,
833 1665 889 1731 καὶ
908 1669 991 1749 λέγει
1010 1667 1244 1748 ,,κελεύσατε,”
1264 1669 1320 1730 καὶ
1339 1668 1373 1729 e'·

277 1765 450 1848 πτύχονται
478 1768 546 1847 ,εἰς
578 1764 712 1841 πολλούς
740 1764 796 1829 καὶ
825 1763 968 1883 ἀγαθούς
985 1761 1152 1851 χρόνους.”
1193 1766 1276 1852 (Γ.)
1302 1763 1413 1833 Καὶιὸ

137 1863 479 1940 Μειρῌνσῖπσκινούσιν
499 1863 714 1947 ὄψικεύοντες,
748 1866 947 1951 κοίόιρετοι
968 1860 987 1949 ἦ
1010 1868 1139 1951 κορτίνα
1160 1862 1222 1929 ὑπὸ
1240 1861 1298 1929 δύο
1318 1886 1372 1929 σι-

274 1967 474 2047 λσντιαρίτον,
504 1962 560 2028 καὶ
585 1966 713 2029 ἵσταται
743 1963 839 2031 πάλιν
859 1962 879 2049 ἦ
901 1962 1062 2047 ούγυύστα
1082 1967 1128 2040 εὶς
1148 1963 1183 2029 τύ
1206 1964 1372 2044 δικιύνιον,

273 2060 331 2127 καὶ
347 2065 517 2129 πίπτουσιν
538 2060 568 2127 oi
588 2066 788 2149 συγκλητικοὶ
806 2059 875 2146 ἅμα
896 2072 962 2140 τοῖς
982 2063 1178 2147 πατρικίοις,
1215 2060 1272 2125 καὶ
1290 2061 1371 2125 siva·

274 2159 414 2227 πάντων
435 2158 549 2241 αύτῶν,
571 2158 655 2227 νεύει
675 2160 695 2226 ύ
716 2160 923 2248 πραιπύσιτος
940 2165 986 2247 τῷ
1005 2162 1222 2247 σιλεντιαρίην,
1242 2162 1300 2224 καὶ
1317 2161 1370 2224 λε’-

271 2282 320 2344 γει
339 2260 558 2341 ,,κιλεύσαττ,”
578 2262 634 2325 καὶ
652 2258 857 2343 ε’πεύχονται.
893 2260 948 2323 καὶ
976 2252 1122 2323 οἷποκινεῖ
1142 2256 1161 2343 ἢ
1188 2254 1410 2343 σύγκλητος,οο

122 2368 172 2425 Ed
182 2354 330 2440 1,.ιτ4ιιαὶ
349 2358 508 2444 ἐξέρχεται
529 2358 583 2424 dui
603 2360 661 2424 τού
680 2361 780 2441 μέσου
801 2360 945 2435 πυλῶνος
964 2360 1021 2424 τοῦ
1033 2360 1254 2440 τριβουνολίου
1276 2354 1368 2423 ἔνθεν

271 2457 417 2523 nausees
436 2459 481 2535 εὶς
512 2457 571 2544 τὴν
593 2459 734 2546 κεφαλὴν
761 2460 824 2524 τῶν
844 2457 990 2543 βάθρων,
1011 2456 1120 2533 καθῶς
1141 2452 1367 2540 ύψικεύουσιν·

271 2553 301 2621 οὶ
323 2558 358 2622 δὲ
380 2559 487 2622 λοιποὶ
505 2549 658 2642 ἄρχοντες
677 2561 741 2623 τῶν
767 2555 938 2642 ταγμάτων
956 2559 1164 2643 κατέρχονται
1184 2557 1220 2621 ἐν
1240 2559 1285 2644 τῷ
1305 2555 1367 2620 ου’-

269 2655 314 2744 τῶ
334 2653 564 2744 τριβουνολιην,
598 2654 680 2722 ἔνθα
709 2659 835 2722 ἵσταται
863 2655 881 2723 si
912 2657 1048 2742 σταυρὸς
1075 2655 1133 2720 καὶ
1151 2654 1191 2721 τὰ
1209 2659 1365 2740 σκῆπτρα,

268 2750 414 2840 λύβουρύ
433 2778 466 2820 τε
488 2749 557 2838 ἅμα
578 2756 717 2821 καὶτῶν
737 2759 856 2822 λοιπῶν
876 2759 1009 2838 σκευῶν,
1029 2755 1070 2820 τοὶ
1093 2757 1129 2820 δέ
1151 2754 1209 2819 δύο
1223 2759 1308 2840 μέρη
1328 2757 1404 2825 ἐνσὸ

288 2891 298 2912 ’
347 2923 371 2960 a.
389 2903 531 2977 έέστιυίρ.
545 2905 587 2958 ed.
660 2923 700 2976 ιη,
719 2903 853 2963 ύικίονοκ
868 2907 928 2960 eod.
999 2923 1042 2960 so.
1063 2891 1235 2976 συγκλητικοὶ
1257 2903 1300 2956 ed.

236 3091 241 3103 ,
267 3044 316 3098 siis
337 3045 453 3114 stipatae
469 3043 612 3109 accedunt,
630 3051 659 3097 et
675 3041 876 3113 Imperatorum
894 3060 982 3115 aeque
1001 3061 1033 3096 ae
1052 3043 1190 3113 Augustae
1207 3060 1296 3112 genua
1314 3057 1365 3095 ve·

266 3124 413 3177 nerantnr,
442 3123 553 3185 peracta
571 3131 634 3168 vero
662 3115 841 3178 adoratione,
870 3124 1028 3167 senatorum
1052 3116 1172 3166 feminae
1200 3113 1235 3165 ad
1253 3130 1364 3165 auream

266 3201 376 3238 manum
401 3185 506 3238 abeunt
531 3195 559 3238 et
591 3187 663 3238 iutra
686 3187 819 3238 cortinam
848 3186 1010 3238 subsistunt.
1046 3187 1166 3254 Augusta
1189 3183 1224 3234 ad
1244 3185 1363 3236 eundem

267 3257 356 3310 locum
376 3256 510 3326 digressa,
538 3259 717 3327 patriciorum
737 3273 769 3309 ae
797 3255 966 3328 reliquorum
992 3265 1150 3308 senatorum
1176 3270 1276 3307 uxores
1299 3261 1364 3324 post

265 3327 353 3396 ipsam
372 3327 492 3380 intrant:
521 3328 598 3390 inde,
615 3327 742 3380 eubiculo
764 3330 927 3389 comitante,
952 3327 987 3380 ad
1005 3326 1176 3395 onopodium
1195 3327 1294 3393 pergit,
1312 3325 1363 3377 ubi

284 3399 373 3450 atricii
401 3399 592 3451 consistorium
620 3399 795 3450 constituunt
829 3405 857 3449 et
887 3395 1039 3448 adstantem
1066 3405 1208 3466 augustam
1238 3395 1364 3453 adorant.

264 3414 334 3537 ipsis
353 3468 544 3538 surgentibus,
573 3471 745 3538 praepositus
775 3469 968 3519 cerimoniario
998 3469 1104 3536 signum
1129 3465 1194 3528 dat,
1226 3475 1255 3518 et
1279 3466 1362 3518 dicit:

263 3537 375 3599 luisse,
405 3541 489 3590 ceteri
514 3539 632 3590 faustum
652 3555 683 3590 ac
701 3537 864 3590 diuturnum
883 3537 1028 3608 imperium
1048 3546 1239 3606 appreeautur.
1274 3531 1363 3607 (111.)

262 3609 335 3662 Dum
354 3607 383 3659 hi
403 3626 437 3661 en
457 3607 596 3676 ouopodio
616 3611 645 3660 in
665 3607 799 3680 obsequio
819 3607 931 3669 abeunt,
954 3610 1059 3660 eortina
1072 3625 1088 3658 a
1105 3607 1214 3659 duobus
1233 3607 1362 3659 silentia·

263 3679 311 3730 riis
331 3679 447 3740 totlitur,
466 3681 586 3746 Augusta
605 3697 695 3732 rursus
714 3680 743 3730 in
762 3678 884 3729 dicionio
903 3677 1036 3739 subsistit,
1062 3685 1201 3730 senatores
1220 3693 1284 3729 vero
1305 3693 1362 3728 una

262 3765 321 3799 earm
341 3750 464 3817 patriciis
488 3750 615 3812 adorant,
644 3751 766 3822 ipsisque
793 3748 980 3818 surgentibus,
1007 3750 1180 3819 praepositus
1203 3748 1359 3801 silentiario

261 3819 367 3888 signum
386 3820 446 3880 dat,
467 3827 495 3872 et
513 3819 594 3872 dicit:
629 3819 738 3881 iubete,
768 3819 853 3870 ceteri
871 3836 921 3888 pro
941 3835 1017 3872 more
1034 3820 1192 3871 acclamant.
1228 3816 1297 3869 Inde
1315 3833 1361 3871 ae-

260 3896 340 3941 nntus
363 3888 495 3954 discedit,
521 3898 549 3941 et
566 3906 616 3959 per
635 3890 752 3942 mediam
772 3890 920 3942 tribunalis
940 3899 1049 3959 portam
1067 3905 1239 3959 progressus,
1256 3889 1287 3941 in
1305 3905 1358 3941 su-

260 3959 363 4030 periuri
383 3961 471 4012 scalae
490 3968 568 4030 parte
589 3961 623 4014 ab
644 3969 760 4031 utroque
779 3961 872 4023 latere,
890 3969 922 4012 ut
939 3962 970 4014 in
990 3959 1136 4030 obsequio,
1156 3958 1259 4021 adstat,
1278 3967 1355 4011 cete-

260 4047 350 4084 rorum
368 4046 432 4084 vero
451 4031 599 4084 officiorum
616 4033 753 4101 principes
772 4031 807 4084 ad
826 4031 901 4083 idem
919 4030 1053 4093 tribunal,
1072 4029 1121 4080 nbi
1141 4047 1218 4090 orus,
1236 4038 1358 4099 sceptra,

258 4098 351 4154 labara
370 4119 433 4156 eum
451 4103 548 4156 ceteris
566 4105 653 4166 rasis,
672 4102 783 4156 'duabus
801 4101 968 4158 factionibus
992 4117 1024 4154 as
1048 4099 1124 4155 omni
1144 4099 1252 4170 reliqua
1269 4099 1354 4152 turba
