3042 4825
313 197 369 262 ΒΕ
392 183 588 266 OERMON.
623 193 759 262 λυιλῐι
786 192 955 266 ΒῩΖΑΝΤ.
980 198 1078 269 r.18.
1172 199 1245 254 ιιι

165 350 222 419 καὶ
246 353 412 422 ἐπιδίδωσι
437 357 482 446 τῷ
502 358 648 437 βασιλεῖ,
681 353 893 439 κρατούμενος
919 351 983 418 ύπύ
1003 354 1063 418 τού
1083 353 1140 437 τῆς
1158 376 1256 417 κοτα-

132 509 135 516 ,
166 457 325 539 στάσεως,
354 454 514 542 σταυρούς
539 450 770 540 ρὀδοπλύκους,
800 455 857 519 καὶ
882 457 950 536 μετ’
971 451 1074 537 ὀλίγον
1092 451 1218 536 δέχεται
1239 447 1256 514 ύ

161 552 341 641 ’δήμαρχος
361 557 425 620 ταῖν
443 557 605 634 Βινέτων,
634 550 844 639 κρατούμενος
873 555 911 616 δὲ
930 549 986 616 καί
1003 545 1100 627 αύτύς
1119 549 1181 615 ύπύ
1202 551 1258 616 τού

170 657 229 740 τῆς
249 652 479 737 καταστάσεως,
500 653 666 720 ἐπιδίδωσι
684 655 729 741 τῷ
741 656 873 736 βασιλεῖ
886 649 1047 737 σταυρούς
1062 648 1118 715 καὶ
1137 648 1261 738 ύσφρά-

108 749 115 840 ἶ
148 753 236 837 ὕδια,
258 752 303 830 οἷς
323 751 525 842 προείρηται,
546 751 603 818 καὶ
624 749 746 829 ιύθὲως
766 744 900 839 ἔρχεται
919 749 936 817 ὅ
956 746 1102 837 νοτύριος
1121 751 1180 815 τού
1199 749 1261 814 αύ-

170 855 231 918 τού
253 855 374 940 μέρους
401 855 502 938 λέγειν
520 851 596 929 τούς
625 850 759 934 ἰάμβους
788 855 845 937 τῆς
871 845 992 937 ἑορτῆς.
1032 851 1067 916 έν
1088 849 1124 913 δὲ
1143 851 1184 936 τῇ
1204 845 1263 930 ἔξω

172 950 254 1040 πύλη
284 955 409 1036 δέχεται
429 948 449 1016 δ.
467 948 668 1040 δημοκράτης
693 952 756 1016 τάν
784 949 981 1037 Πρασίνων,
1015 942 1111 1036 ῆχουν
1131 949 1148 1014 δ
1169 951 1263 1033 δαμέ-

172 1073 278 1127 στικος
296 1054 359 1118 τούν
379 1054 606 1136 έκσκουβιτων,
637 1048 806 1116 ἐπιδίδωσι
826 1051 862 1116 δέ
881 1051 939 1115 καὶ
957 1042 1052 1127 αύτύς
1067 1049 1110 1138 τῷ
1128 1053 1284 1132 βασιλεζα
1312 1041 1319 1053 ’

174 1148 387 1234 κρατούμενος
413 1147 476 1216 ύπύ
496 1152 555 1215 τού
585 1151 642 1234 τῆς
662 1146 884 1226 καταστάσεως
890 1199 902 1231 ,
931 1146 1090 1234 σταυρούς
1109 1143 1262 1234 ῥοδοπλύ-

137 1269 250 1324 ιοκους
270 1253 325 1314 καί
351 1246 524 1338 ύσφράδια.
571 1243 647 1314 ,εἶτα
676 1249 802 1332 δέχεται
823 1244 840 1313 ὅ
858 1249 1022 1333 δήμαρχος
1043 1249 1107 1314 τάν
1132 1250 1392 1333 Πρασί-Μι.6αο

175 1371 256 1429 νων,
285 1349 452 1414 ἐπιδίδωσι
471 1348 507 1414 δέ
526 1351 583 1412 καί
603 1341 702 1424 αύτδς
726 1349 772 1437 τῷ
791 1351 922 1431 βασιλεῖ
936 1342 979 1424 ούς
999 1348 1055 1411 καί
1074 1343 1105 1410 ού
1123 1343 1184 1432 πρὸ
1206 1340 1267 1412 αύ-

174 1445 240 1510 νοδ.
292 1445 361 1534 (Γ.)
390 1445 463 1512 Καὶ
488 1443 603 1534 μικράν
623 1443 807 1523 ύπεξελδάιν
826 1443 843 1510 ὅ
864 1442 1015 1527 βασιλεύς
1045 1441 1108 1508 dui
1137 1448 1195 1530 τῆς
1214 1448 1268 1512 ‹to-

174 1545 237 1628 χῆς
253 1545 319 1610 τοῖν
339 1544 524 1632 Πρασίνων,
547 1545 787 1632 δηριγιυύμενος
806 1541 870 1609 ύπό
889 1542 1119 1629 τῶνάνωτέρω
1139 1545 1267 1630 εἰρημέ-

176 1665 260 1727 νων,
291 1643 420 1726 δέχεται
438 1643 498 1729 τῆν
527 1642 637 1730 λιτῆν,
668 1646 724 1708 καὶ
750 1637 840 1726 δίψος
860 1639 992 1728 κηρούς,
1023 1633 1155 1726 εὔχεται
1170 1643 1206 1707 έν
1220 1643 1269 1729 τῷ

142 1744 274 1832 ι5τιμίιρ
310 1742 440 1830 σταυρῷ
477 1741 534 1808 καί
569 1749 745 1830 προσκυνεῖ
767 1738 865 1822 τύ,τε
897 1733 1057 1828 ύχραντον
1090 1739 1270 1825 εύαγχέλιον

178 1838 233 1908 καί
258 1839 358 1906 αύτύν
382 1839 439 1907 τύν
459 1844 562 1924 τίμιον
588 1839 735 1930 σταυρόν.
786 1846 843 1907 καί
865 1835 930 1907 εἶδ’
948 1836 1050 1918 ούτως
1074 1841 1270 1926 προσκυνού-

178 1949 231 2006 σιν
268 1939 442 2026 ἀμφότεροι
471 1940 645 2027 ἀλλήλους,
682 1943 739 2007 καί
769 1935 1003 2024 ἆσπασάμενοι,
1033 1939 1228 2028 ὑποστρέφει
1247 1936 1294 2005 u‘c

180 2036 348 2122 βασιλεύς,
383 2044 439 2104 καί
464 2041 704 2125 δηριγευύμενος
733 2035 797 2104 ύπύ
826 2041 893 2105 τυύν
921 2034 1084 2128 άρχύιτων
1111 2041 1171 2105 τού
1198 2065 1272 2106 κου-

182 2139 365 2220 βουκλείου,
394 2139 568 2225 πατρικίων
596 2136 708 2204 τεκαὶ
733 2139 919 2225 στρατηγῶν
964 2135 1021 2202 καὶ
1054 2142 1109 2225 τῆς
1138 2140 1274 2224 συγκλή-

139 2257 258 2318 αστου,
293 2235 457 2323 διέρχεται
485 2234 663 2322 ἔμπροσθεν
700 2239 759 2321 τῆς
795 2239 905 2322 λιτῆς,
952 2235 1007 2301 καί
1034 2235 1186 2303 είσελθυύν
1217 2234 1271 2303 διά

180 2335 236 2421 τῆς
255 2336 356 2419 μέσης
375 2333 476 2421 πύλης
505 2337 566 2400 τού
585 2337 752 2423 λουτῆρας,
786 2335 964 2421 εἰσέρχεται
992 2337 1027 2402 ἐν
1056 2337 1102 2425 τῷ
1137 2335 1276 2425 νάρθηκι
1314 2330 1318 2338 ’

182 2431 238 2498 καὶ
264 2434 432 2513 καθέζεται
459 2436 514 2499 ἐπὶ
539 2438 664 2501 σελλιύυ
683 2437 889 2523 προσμένων,
909 2437 1024 2522 μέχρις
1043 2430 1083 2502 ύν
1111 2434 1274 2525 καταλάβῃ

182 2529 204 2616 ἢ
224 2530 294 2616 λιτὴ
314 2530 395 2613 μετά
415 2534 470 2598 τοῦ
495 2536 705 2621 πατριάρχου.
746 2534 802 2600 καί
827 2534 1068 2619 καταλαβούσης
1095 2537 1152 2620 τῆς
1176 2538 1274 2618 λιτῆς,

185 2630 354 2697 άνίσταται
381 2630 589 2714 δβασιλεύς,
622 2635 679 2698 κού
706 2630 979 2721 προσκυνήσαντες
1011 2630 1187 2718 ἀμφότεροι
1218 2635 1275 2701 sor*

260 2792 281 2827 ι.
299 2772 698 2848 ἐπιδίδωσι-κρατούμενος
716 2775 905 2841 ooni.Leieh.‚
922 2774 1091 2829 insorduisse
1106 2806 1143 2818 -
1154 2774 1276 2851 κρατού-

255 2858 342 2915 μενοι
358 2845 418 2899 cod.
526 2836 583 2899 ύπύ
604 2850 658 2900 τού
674 2849 746 2900 coni.
758 2850 809 2911 ii„
826 2846 876 2899 sirr‘
892 2845 983 2900 αύτού
1002 2846 1062 2903 σού.
1082 2856 1111 2902 et
1127 2846 1170 2900 ed.

185 2962 422 3035 oepsVeuetornsu
433 2964 532 3032 etipse
547 2982 563 3016 a
578 2964 768 3017 cerimonisrio
783 2963 926 3026 adductus,
941 2981 1033 3018 cruces
1044 2966 1071 3017 ei
1089 2973 1117 3018 et
1131 2965 1276 3019 fasciculos

186 3036 332 3099 florum,ut
340 3034 445 3087 dietum
455 3041 505 3097 est,
516 3038 604 3099 offert,
615 3053 669 3105 quo
680 3036 751 3087 iacto
759 3036 882 3088 notarios
892 3036 1020 3088 factionis
1029 3036 1088 3090 eius
1096 3035 1201 3088 iambos
1213 3036 1277 3089 sesti

186 3104 303 3163 orditur.
320 3106 353 3157 Iu
366 3104 496 3157 exteriori
508 3113 585 3173 ports
599 3106 727 3157 tribunus
736 3106 907 3158 prasinorum
920 3122 968 3157 sen
987 3104 1151 3159 domesticus
1162 3106 1277 3159 excubi-

188 3174 376 3239 torumerlest,
391 3174 443 3296 Hui
459 3192 476 3227 s
501 3176 692 3227 cerimoniario
710 3174 860 3240 adductus,
877 3170 1038 3244 Imperatori
1058 3191 1151 3229 cruces
1170 3192 1186 3229 e
1208 3178 1277 3229 rosis

189 3252 378 3301 contexisset
412 3260 471 3297 ores
486 3243 586 3299 odoros
604 3250 689 3298 offert
726 3246 862 3299 Postremo
883 3246 1011 3299 tribunus
1026 3246 1199 3301 Prasinorum
1222 3248 1277 3298 Im-

189 3324 344 3439 paerstorem
358 3317 461 3385 excipit
479 3314 646 3400 operiensque,
662 3333 733 3399 quae
748 3318 834 3401 ceteri
851 3317 1013 3369 munuscula
1024 3318 1078 3386 ipsi
1088 3317 1172 3370 tredit
1204 3316 1277 3403 (111).

230 3386 375 3457 paululum
391 3403 408 3438 s
434 3386 604 3438 Prasinornm
634 3387 755 3439 suctione
785 3384 937 3457 digressus,
969 3402 986 3437 a
1010 3404 1093 3473 supra
1121 3394 1279 3439 memoratis

192 3455 327 3527 stipatus,
345 3456 547 3526 processionem
573 3456 675 3526 excipit
693 3472 810 3527 cumque
835 3459 921 3510 cereis
943 3472 1064 3510 accensis
1082 3474 1173 3511 eornm
1194 3472 1280 3509 vene-

192 3526 278 3579 renda
303 3542 382 3579 cruos
412 3534 539 3593 precatur
571 3536 601 3580 et
621 3533 742 3580 sanetum
763 3527 932 3596 evangelium
950 3544 981 3578 so
995 3529 1082 3597 ipsam
1096 3526 1279 3580 venerendam

192 3612 301 3651 murem
314 3596 415 3649 adoret
450 3580 488 3649 Et
503 3596 557 3659 sio,
579 3605 722 3669 postquem
742 3612 771 3650 se
793 3598 910 3651 invicem
933 3596 1082 3651 adorarunt
1107 3599 1280 3670 osculatique

193 3676 275 3731 suut,
296 3668 449 3737 Imperator
459 3669 619 3732 revertitur,
640 3676 669 3720 et
685 3686 700 3719 a
716 3668 862 3738 praesectis
882 3666 1028 3733 cubiculo,
1045 3669 1183 3737 patriciis,
1209 3678 1284 3719 stra-

192 3738 263 3809 tegis
289 3744 320 3790 et
345 3746 442 3790 senatu
461 3738 599 3806 stipatus,
628 3740 829 3807 processionem
849 3736 1009 3807 praecedit,
1035 3755 1140 3809 perque
1163 3738 1282 3791 mediam

192 3807 353 3877 baptisterii
380 3816 485 3877 portam
507 3806 657 3879 digressus,
684 3806 842 3861 nsrthscem
868 3808 953 3861 intrat
983 3817 1014 3862 et
1037 3809 1067 3862 in
1090 3810 1160 3861 sella
1184 3810 1282 3872 sedet,

194 3894 282 3948 usque
303 3876 369 3929 dum
387 3878 524 3947 processio
542 3896 604 3931 oum
618 3876 771 3950 patriarcha
786 3880 893 3943 reniet,
914 3887 1082 3949 exspectans.
1118 3879 1182 3949 Qua
1204 3877 1283 3929 seui·

194 3954 276 4009 ente,
292 3949 442 4019 Imperator
455 3949 554 4019 surgit,
578 3959 607 4001 et
624 3956 770 4021 postquam
789 3949 952 4002 seinvicem
974 3950 1123 4003 adorarunt
1150 3950 1284 4001 osculati-

195 4034 251 4087 que
269 4028 349 4083 sunt‚
370 4019 475 4071 abeunt
494 4028 523 4071 et
535 4020 565 4072 in
576 4020 620 4072 ria
635 4020 872 4090 Imperatoriarurn
887 4028 1026 4089 portarum
1044 4018 1215 4081 subsistunt,
1233 4015 1284 4068 ubi

195 4088 364 4162 Imperator,
382 4097 526 4164 postquem
539 4106 632 4165 cereos
648 4108 664 4146 a
679 4091 837 4164 praeposito
851 4092 973 4164 sucepit,
994 4097 1140 4205 prespiter,
1164 4088 1285 4162 petriss-
