3042 4825
258 167 341 257 188
470 190 741 265 οοκτιιιιτιιιι
765 192 1131 263 commeamus

221 350 292 415 1)δέ
304 352 350 439 τῷ
370 354 459 435 πρωῒ
472 347 610 437 ρ’σόσια,
645 352 681 418 ἐν
704 354 746 439 τῇ
771 346 956 439 όπσστροφῇ
981 344 1097 428 λευκά.
1137 348 1257 430 ἰστέον,
1286 338 1353 431 ότι,

122 452 323 518 nouenos
341 452 502 515 δεσποτῶν
521 451 562 537 τῇ
578 452 710 538 δευτέρη
734 452 791 534 τῆς
817 448 1059 533 διακαινησέμου
1077 442 1142 513 άτιό
1162 450 1224 511 τοῦ
1245 454 1353 511 παλα-

252 548 323 613 τιὀυ
341 548 571 633 ἐξερχομένων,
594 549 837 633 περιβάλλονται
857 547 899 613 τά
920 546 1017 613 λευκά
1032 551 1143 633 χρυσῶ
1163 542 1353 631 σκαριιμάχ-

253 670 308 729 χιοι
324 645 378 710 κιιί
390 646 429 711 τά
446 644 578 712 διάλιθα
597 650 718 713 τούτων
731 646 867 713 σπαθέα.
906 650 942 712 έν
954 649 989 713 δέ
1007 650 1048 735 τῇ
1070 651 1130 711 rosi
1147 648 1276 730 Κυρίου
1296 647 1351 710 έκ-

255 747 365 833 κλησέρ
386 746 626 831 περιβάλλονται
644 751 808 829 στέμματα
827 745 993 834 Πράσινα,
1021 748 1077 811 καί
1098 742 1292 831 ἀπέρχονται
1313 746 1375 813 ένὸ

253 844 294 931 τῇ
315 844 459 934 ἐκκλησίᾳ
478 846 542 911 τῶν
562 844 663 929 άχέων
676 840 868 929 άποστόλων,
887 845 943 911 καί
955 845 1197 931 περιβάλλονται
1213 842 1255 907 τά
1272 838 1351 907 isso·

254 944 318 1007 τῶν
337 940 433 1007 λευκά
455 944 622 1029 διβητὴσια
643 944 700 1009 καί
716 942 758 1009 τά
780 947 932 1028 χλανίδια
961 945 1019 1009 καί
1039 940 1256 1023 εἰσοδεόουσι,
1283 938 1351 1005 δεό-

256 1044 313 1125 λης
333 1042 369 1105 δέ
393 1042 428 1105 ἐν
453 1045 494 1130 τῇ
524 1042 708 1130 όποστροφῇ
737 1043 982 1129 περιβάλλονται
1001 1042 1041 1108 τά
1062 1040 1220 1123 κολῶβια,
1250 1032 1350 1124 ἤγουν

256 1136 332 1214 roric
350 1135 475 1224 κριυός,
506 1138 561 1205 καί
578 1138 617 1205 τά
639 1140 771 1207 διάλιθα
793 1144 943 1221 ζωστίκιυ
964 1143 1089 1220 σπαθία
1111 1140 1168 1206 καί
1183 1142 1350 1221 πέμματα

256 1237 374 1321 λευκά,
403 1240 433 1303 εἰ
451 1240 486 1303 δέ
505 1244 689 1325 βουληθῶσι
708 1242 837 1323 βάλλειν
856 1239 913 1319 τάς
931 1239 1066 1325 τιάρας,
1085 1234 1181 1325 ἤγουν
1198 1237 1259 1314 τάς
1277 1238 1399 1304 τιό-ια

113 1348 342 1427 Σιλλιιιιφας,
373 1336 615 1423 περιβάλλονται
640 1338 750 1416 αότάς.
792 1341 912 1423 ἰστέον,
943 1335 995 1404 ότι
1013 1339 1113 1427 vairp
1134 1343 1176 1427 τῇ
1194 1336 1354 1421 ἓβδσμάδι

258 1436 315 1519 τῆς
335 1436 577 1523 διακαινησᾲιου
599 1442 753 1525 φοροῦσιν
769 1437 800 1503 οἰ
819 1435 970 1504 δεσπόται
984 1437 1023 1503 τά
1045 1433 1154 1524 άσπρα
1174 1436 1354 1522 διβητήσια,

258 1534 290 1599 εἰ
309 1536 344 1600 δὲ
363 1538 548 1621 βουληθῶσι
566 1536 697 1620 ποιῆσαι
717 1531 739 1623 ἢ
760 1532 933 1622 πρόκενσον
952 1539 987 1601 ἐν
1006 1535 1163 1625 ἐκκλησιρι,
1184 1534 1248 1599 εἴτε
1265 1532 1356 1619 λιτὴν

258 1630 319 1699 εἴτε
340 1629 436 1719 δοχὴν
452 1637 486 1700 ἐν
506 1636 722 1725 epistolario),
742 1633 988 1717 περιβάλλονται
1007 1632 1049 1699 τά
1068 1632 1242 1713 τζιτζάκια.
1268 1634 1356 1698 ἰστέ-

260 1754 330 1814 ον,.
349 1726 399 1797 ότι
418 1734 458 1819 τῇ
478 1736 571 1819 καινῇ
590 1736 748 1821 κυριακῇ,
778 1724 876 1818 ἤγουν
895 1736 958 1799 τῶν
985 1736 1097 1817 θυρῶν
1116 1734 1399 1814 κεκλεισμένων,,ς

260 1829 377 1913 ὁμοίως
395 1832 604 1896 ἐπιτελεῖται·
647 1830 797 1908 πολλάκις
826 1834 881 1913 δὲ,
915 1834 947 1897 εἰ
974 1829 1155 1897 κελεύουσιν
1182 1829 1213 1895 οἰ
1241 1830 1357 1893 δεσπό-

261 1954 338 2012 ται,
369 1929 467 2017 ταότη
488 1932 528 2019 τῇ
549 1928 644 2019 ἑορτῇ
676 1928 745 1996 cirri
764 1932 829 1996 τῶν
850 1933 972 1997 λευκῶν
989 1933 1121 2016 χρυσῶν
1140 1931 1358 2016 σκαραμαχχιὶ

263 2052 309 2093 ων
337 2024 577 2114 περιβάλλονται
599 2026 641 2095 τά
663 2034 816 2116 πορφυρᾶ
834 2034 944 2114 χρυσῶ
964 2026 1202 2115 σκαραμάχγια.
1241 2030 1357 2109 ἰστέον,

263 2222 434 2293 δεσπόται.
475 2229 596 2308 ἰστέον,
629 2222 681 2291 ότι
707 2230 748 2315 τῇ
779 2220 876 2317 ἑορτῇ
904 2230 959 2311 τῆς
990 2224 1178 2310 ἀναλήψεως
1206 2223 1269 2290 άπὸ
1296 2228 1399 2307 pem

261 2326 320 2389 τοῦ
359 2321 513 2391 παλατέου
553 2327 734 2410 ἐξέρχονται
774 2322 804 2391 οἱ
845 2324 996 2390 δεσπόται
1037 2324 1120 2406 μετά
1164 2324 1357 2410 τριβλατέων

265 2423 529 2510 υκαραμαχχέων,
563 2427 619 2491 καί
642 2427 840 2512 εἰσέρχονται
865 2426 911 2502 εἰς
938 2422 993 2489 τόν
1013 2427 1163 2510 δρόμωνα
1183 2427 1239 2490 καί
1258 2420 1358 2510 άπέρ-

232 2547 377 2608 ηχονται
396 2525 496 2611 μέχρι
512 2526 569 2610 τῆς
587 2529 710 2612 χρυσῆς
730 2523 858 2612 πόρτης,
880 2525 980 2588 ἐκεῖσε
1000 2525 1036 2589 δὲ
1052 2522 1220 2606 βάλλοντες
1234 2521 1275 2588 τά
1293 2516 1358 2588 αό-

265 2625 327 2692 τῶν
346 2627 455 2710 χρυσῶ
475 2624 609 2692 διάλιθα
641 2623 766 2692 σπαθέα
786 2625 841 2692 καί
859 2622 1117 2708 καβαλικεόονιες
1136 2620 1176 2687 τά
1195 2618 1357 2707 χιῶματα,

337 2820 362 2889 lp
379 2817 489 2873 τοίτυν
504 2833 557 2870 om.
574 2817 619 2878 esi.

268 2971 291 3023 si
304 2970 414 3024 rubram
437 2973 555 3043 egressi,
571 2973 662 3024 albem
686 2972 832 3024 redeuntes
853 2970 938 3041 capiti
955 2973 1112 3041 lmponunt
1148 2972 1234 3024 Porro
1243 2969 1357 3022 Domini

268 3039 315 3094 die
330 3043 448 3094 seconde
464 3045 650 3096 renovationis
664 3059 679 3096 e
691 3045 796 3112 palatio
810 3041 926 3111 egressi,
951 3041 1014 3092 alhs
1031 3057 1154 3111 auroque
1170 3045 1275 3093 intexto
1298 3057 1360 3091 scs-

268 3113 406 3180 rumougis
428 3121 456 3164 et
475 3115 587 3182 gemmis
607 3121 717 3165 ornatos
748 3114 837 3165 ludios
862 3120 977 3183 gestent.
1020 3111 1174 3179 intemplo
1192 3119 1285 3162 erstem
1299 3112 1358 3160 Do-

268 3181 338 3234 mini
356 3197 469 3234 coronas
492 3183 593 3235 virides
612 3185 696 3254 capiti
712 3131 837 3246 sidunt,
867 3189 897 3232 et
911 3181 946 3232 sd
961 3183 988 3234 S.
1004 3183 1031 3235 S.
1048 3183 1243 3250 Apostolorum
1259 3180 1358 3232 sedem

268 3249 390 3316 obeunt,
415 3269 530 3324 eamque
554 3253 698 3306 dibetesiis
720 3253 791 3304 albis
809 3269 841 3304 sc
858 3253 958 3304 tunicis
974 3253 1031 3303 suis
1048 3251 1153 3316 indoti,
1172 3253 1292 3314 intrent,
1312 3265 1359 3301 rc-

269 3321 351 3373 doces
363 3324 469 3394 vesperi
489 3322 599 3375 colobia
620 3332 648 3376 et
665 3325 777 3392 gemmis
798 3331 907 3374 ornatos
927 3322 1031 3390 gladios
1050 3331 1078 3374 et
1092 3321 1168 3373 albos
1182 3337 1295 3372 corones
1310 3337 1359 3372 su·

264 3397 362 3460 'montp
381 3393 424 3445 sin
440 3409 505 3446 vero
519 3395 616 3447 tiernus
630 3411 678 3446 scu
693 3393 807 3465 tophum
824 3393 908 3462 ospiti
923 3392 1065 3462 imponcrs
1078 3393 1201 3456 molunt,
1218 3392 1272 3443 hoc
1287 3407 1359 3460 quo-

268 3479 352 3534 qucu
377 3463 645 3516 consuctudinenon
661 3464 782 3516 alienum
801 3461 927 3514 habetor.
962 3463 1184 3533 Hacscptimana
1202 3461 1360 3533 renovatio·-=

265 3534 311 3586 nis
328 3532 462 3586 dibctcsls
482 3531 545 3585 albu
564 3533 698 3598 induunt,
723 3536 746 3585 si
767 3551 831 3588 vero
849 3533 1051 3602 processionem
1069 3533 1105 3584 sd
1135 3534 1283 3601 templum,
1310 3537 1360 3582 sut

265 3619 412 3674 pompam,
437 3611 486 3658 rut
504 3607 688 3675 receptionem
706 3605 815 3656 institui
836 3601 936 3654 iubent
949 3602 979 3654 in
995 3605 1115 3672 palatio,
1134 3603 1258 3656 tritsseiu
1275 3600 1360 3652 indo-

268 3681 327 3726 tsnt
362 3675 507 3726 Dominicis
529 3693 599 3727 noro
618 3691 665 3726 seu
689 3675 842 3727 clausorum
860 3681 1000 3742 portarum
1024 3673 1120 3728 eodem
1136 3673 1219 3724 modo
1235 3671 1361 3724 celebra-

270 3751 324 3796 tor.
361 3743 449 3814 Ssepe
473 3746 572 3809 etism,
590 3746 613 3797 si
628 3746 754 3797 Dominis
767 3744 852 3808 libet,
876 3742 929 3794 lsoc
942 3743 1013 3796 iesto
1025 3761 1075 3812 pro
1091 3743 1162 3795 albis
1176 3757 1300 3812 snroqoc
1313 3742 1361 3793 in-

268 3814 351 3867 textis
369 3816 712 3898 scarumsnpiispurpurea
740 3833 808 3866 euro
828 3820 925 3866 ornsts
943 3813 1071 3867 induunt.
1112 3817 1143 3865 ln
1159 3813 1230 3865 sesto
1251 3812 1360 3864 medias

267 3892 441 3956 pentecostes
456 3885 594 3940 similibus
611 3887 767 3938 mutatoriis
779 3893 903 3938 utuntur.
940 3887 971 3936 ln
985 3885 1055 3936 sesto
1067 3886 1234 3936 ascensionis
1245 3882 1361 3934 Domini

269 3957 460 4026 scaramangiis
477 3954 625 4010 triblattcis
638 3973 652 4008 e
665 3957 770 4026 palutio
782 3957 931 4027 progressi,
951 3954 1069 4008 celocem
1082 3953 1271 4005 conscendunt
1282 3961 1310 4006 ct
1324 3951 1362 4004 ut

268 4035 376 4096 portum
397 4043 508 4080 suresm
528 4024 647 4089 obeunt,
663 4027 716 4078 'ubi
735 4027 826 4078 eureis
861 4026 1043 4096 emmstisquc
1057 4024 1155 4094 gladiis
1171 4024 1268 4086 cincti,
1286 4037 1362 4093 equo

271 4098 438 4158 ornamentis
457 4097 527 4154 circs
546 4097 648 4154 collum
663 4097 798 4157 instructo
809 4043 962 4161 sciuntur,
979 4101 1009 4150 et
1021 4093 1058 4149 sd
1072 4093 1257 4152 renusndau
1270 4109 1365 4148 ssere-
