3042 4825
270 224 325 341 26
484 245 755 317 consumtus
785 248 1151 347 nonnitunoennm

267 405 432 489 βουκλεὶσυ
461 404 509 479 εὶς
538 402 595 467 τόν
615 400 774 487 πόρτφκα,
803 402 859 468 καὶ
877 401 941 467 ἀπό
962 396 1028 469 ταῖν
1048 406 1147 470 ὶκεῖσε
1169 394 1363 485 όπὲοχονται

183 550 188 560 ·
268 506 303 570 ἐν
321 506 364 591 τῷ
391 499 559 590 όνοποδιόμ,
598 504 655 567 καὶ
679 499 799 587 γίνεται
819 500 944 587 σἰδοχιὶ
965 505 1046 586 ἐπεὶ,
1080 504 1113 567 οἳ
1139 524 1174 568 τε
1192 496 1363 586 μόχιστροι

265 606 321 669 καὶ
336 598 514 667 &minator
535 598 564 665 οὶ
583 602 755 687 φοροῦντες
772 598 847 678 τεός
863 600 986 687 λιόρους
1014 604 1071 668 καὶ
1092 599 1123 666 οὶ
1143 599 1250 665 λοιποὶ
1278 598 1361 681 μετὰ

236 705 331 769 Βτιόν
359 703 448 766 tortor
475 694 672 783 ἆλλαξιλιων,
709 698 767 765 καὶ
793 698 858 765 ’ἀπὸ
882 705 945 767 τῶν
967 705 1068 768 ε’κεὶσε
1091 703 1302 787 κατέρχονται
1328 699 1365 762 ἐν

266 804 311 888 τῷ
331 800 559 887 κονσιστωρὶφ,
593 802 649 863 καὶ
674 794 713 864 τό
735 796 1024 897 ἑξῆςὶὲπιτελεῖται
1056 796 1166 875 καθεὶς
1196 795 1252 861 καὶ
1278 796 1382 863 οὶνω·5

265 902 347 985 τὶρω
367 896 490 983 εἴρηται
518 902 574 963 καὶ
601 898 637 965 ἐν
662 904 733 973 ταῖς
753 905 878 974 λοιπαῖς
897 900 1109 986 πραελεόσεσι.
1159 897 1270 985 (ΚΑ.)
1293 893 1366 959 Καὶ

265 1000 353 1063 τοῦτο
377 1000 431 1062 δεῖ
450 998 589 1080 εἰδέναι,
628 991 680 1063 ότι
702 992 722 1083 ἢ
745 995 820 1082 όγὶα
845 1002 902 1063 καὶ
925 996 1046 1084 μεγάλη
1073 992 1228 1082 κυριακὴ,
1257 995 1304 1068 εὶς
1321 992 1365 1057 τό

265 1092 341 1179 ἅγια
372 1097 428 1161 καὶ
459 1097 504 1171 εὶς
535 1093 592 1161 τόν
617 1094 785 1177 ἀσπασμὸν
815 1098 873 1162 καὶ
907 1098 957 1171 εὶς
985 1094 1043 1183 τὴν
1077 1092 1171 1179 ἅμἀν
1200 1092 1366 1157 κοινωνίαν

266 1193 346 1279 μετὰ
370 1197 432 1261 τεόν
452 1194 627 1277 χλανιδίων
657 1198 841 1281 ἐξέρχονται
872 1194 904 1259 oi
930 1194 1080 1261 δεσπόται
1114 1189 1225 1268 καθεὶς
1249 1187 1305 1255 καὶ
1328 1190 1364 1254 ἓν

269 1304 339 1370 ταῖς
362 1301 487 1371 λοιπαῖς
507 1296 728 1378 προελεόσεσι,
766 1294 822 1359 καὶ
845 1291 984 1376 riperti
1005 1297 1070 1360 τῶν
1092 1292 1219 1379 λοόρων,
1248 1284 1311 1353 nini
1327 1287 1406 1353 δὲιο

268 1396 327 1457 τοῦ
344 1388 505 1479 κρόματος
525 1389 753 1480 ἀμφιέννυνται
765 1390 839 1471 rosio
856 1390 989 1479 λοόρους,
1005 1390 1076 1464 Ιιιαὶ
1099 1388 1139 1456 τό
1164 1384 1235 1484 ἑξῆς
1261 1387 1366 1451 ἔπιτε-

268 1494 369 1557 λεϊται
391 1489 500 1568 καόιός
523 1494 580 1556 καὶ
602 1492 637 1558 όν
667 1500 740 1568 ταῖς
768 1497 892 1567 λοιπαῖς
906 1486 1127 1577 ,προτλεόσευα
1177 1482 1243 1570 χρὴ
1270 1483 1366 1567 γινώ-

269 1612 374 1671 σκειν,
395 1583 443 1654 ότι
458 1592 498 1676 τῇ
514 1583 607 1678 ἑορτῇ
627 1592 685 1656 soii
708 1590 849 1675 yevsns'sso
869 1592 925 1674 τῆς
953 1586 1129 1675 όπεραχὶεις
1147 1582 1303 1652 Θεοτόκου
1323 1573 1364 1645 οδ

269 1689 439 1774 στέφονται
462 1687 492 1753 οὶ
521 1688 672 1753 δεσπόται
693 1687 803 1766 καθεὶς
820 1686 877 1753 καὶ
895 1690 931 1754 όν
951 1695 1023 1762 τάἴς
1039 1679 1164 1761 λοιπαῖς
1180 1677 1366 1769 προελεύσε-

243 1800 338 1870 coru,
370 1784 452 1851 δλλό
468 1783 594 1852 πόντων
608 1786 804 1868 τελουμένων
825 1785 934 1864 καθεὶς
955 1787 1161 1875 προείρηται,
1181 1782 1405 1867 ἐξόρχανταιιό

140 1883 306 1951 ustosoi
331 1886 483 1951 δεσπόται
510 1880 573 1952 sinti
598 1888 783 1973 διβητησὶου
802 1884 865 1952 riui
886 1888 948 1952 τοό
971 1887 1119 1959 κοιτῶνος
1144 1883 1200 1968 τῆς
1221 1879 1365 1969 Δάφνης,

270 1982 327 2049 καὶ
341 1986 434 2073 ἐντῷ
452 1980 616 2074 όκταγσόνφ
635 1988 844 2077 κουβουκλεὶφ
863 1985 1018 2069 βάλλουσι
1039 1979 1235 2059 ticinensis
1252 1982 1367 2065 χλανὶ-

270 2086 330 2159 δας
349 2081 428 2149 κατό
442 2080 507 2149 ’τόν
528 2083 627 2150 τόπον
640 2088 704 2152 των
729 2086 966 2172 προλεχθεισιόν
983 2081 1218 2170 προελεόσεων,
1247 2079 1305 2147 καὶ
1321 2081 1363 2147 τό

269 2180 341 2268 ἑξῆς
353 2183 542 2247 ἐπιτελεῖται
561 2182 670 2261 καδιός
686 2184 742 2250 καὶ
756 2186 792 2251 ἐν
809 2193 880 2259 ταῖς
904 2190 1031 2258 λοιπαῖς
1047 2177 1262 2269 προελεόσεσι·
1281 2179 1366 2265 πλὴν

271 2282 366 2363 δοχαὶ
383 2277 469 2367 παρὰ
490 2284 555 2346 τῶν
574 2280 685 2366 δήμων
702 2283 739 2347 οὗ
763 2282 918 2366 γὶνονται,
946 2276 1018 2346 ἀλλ’
1038 2282 1074 2347 ἐν
1090 2288 1155 2357 τοῖς
1170 2276 1297 2360 τόποις,
1328 2278 1407 2345 ivan

270 2374 318 2458 οἷς
338 2378 372 2446 αὶ
391 2378 488 2464 δοχαὶ
505 2381 659 2466 yttamar,
693 2380 725 2450 οὶ
742 2384 808 2450 τόν
834 2379 894 2448 δόο
916 2382 1025 2470 μερῶν
1043 2376 1187 2468 νστόριοι
1210 2379 1266 2444 καὶ
1285 2379 1366 2460 μοὶ·

340 2547 365 2600 7.
384 2529 468 2584 dis.
484 2549 535 2603 pro
548 2520 676 2604 δὶχ,φιοδ
698 2533 787 2586 estin
804 2530 937 2602 εοδ.,χρὶι
956 2533 1000 2586 cd.
1056 2533 1095 2585 13.
1113 2532 1230 2586 ΣΧΟΛ.
1248 2528 1367 2595 iunior,

342 2601 388 2656 ὅτι
402 2601 487 2675 ταδτφ
502 2606 536 2666 τῆ
553 2601 582 2655 io
604 2607 636 2674 τῇ
648 2599 707 2657 cinci
721 2605 775 2657 rori
788 2600 956 2674 incursores:
978 2603 1181 2670 κουρουκλελου
1197 2603 1252 2654 osis
1266 2602 1361 2667 εὶσέρ-

339 2689 443 2744 χοσται
459 2673 488 2726 oi
507 2621 646 2728 δεσπόται
659 2675 691 2729 ἐν
707 2675 746 2744 cpi
760 2675 882 2743 ναῷτοδ
901 2674 988 2743 ἁγίου
999 2672 1172 2742 Στεφάνου,
1198 2672 1258 2724 ἀλλ’
1275 2661 1366 2730 critic

339 2747 372 2798 ἐν
386 2746 425 2814 τῷ
435 2744 560 2799 κοιτῶνι.
641 2764 683 2800 no.
696 2746 813 2798 ΣΧΟΛ.
831 2744 953 2808 Ἰστὶον,
972 2739 1017 2796 ὅτι
1038 2742 1123 2814 ταύτῃ
1144 2744 1178 2813 τῇ
1196 2741 1367 2813 προελεδσει

340 2815 375 2867 οδ
397 2818 529 2882 γίνονται
553 2815 667 2885 [δοχαὶ]
691 2816 723 2869 ἐν
745 2833 759 2868 τ
796 2813 920 2883 πόρτακι
933 2815 1013 2882 [του]
1037 2811 1235 2880 αδχοοστέοις,
1253 2813 1286 2866 ἐν
1303 2815 1364 2896 [τῇ]

338 2885 433 2954 χρυσῇ
442 2889 519 2954 χειρὶ
526 2923 535 2949 ,
551 2886 624 2954 [αλλ’
637 2888 668 2940 ἐν
683 2887 735 2956 τῷ]
769 2884 896 2954 νοποδίῳ
915 2887 962 2937 καλ
976 2884 1009 2938 ἐν
1021 2886 1061 2953 τῷ
1073 2887 1309 2954 [κου]σιστωριῳ,
1328 2901 1365 2934 τα

341 2955 460 3024 [λοιπά]
473 2951 570 3016 καθὼς
582 2961 757 3031 προείρηται.
767 2956 930 3028 suppletum
948 2963 977 3009 et
993 2953 1098 3042 emend.
1117 2953 1250 3008 siieiskio
1260 2954 1365 3008 ετσυιλ.

271 3089 307 3143 ad
325 3092 469 3160 porticum,
487 3090 552 3144 iude
576 3093 611 3146 asi
633 3094 814 3165 onopodium,
834 3093 884 3147 ubi
898 3111 944 3147 eos
962 3093 1104 3163 excepturi
1116 3092 1237 3214 magistri
1252 3097 1281 3146 et
1299 3107 1366 3160 pro·

273 3162 400 3213 consules
419 3162 475 3215 lora
489 3169 643 3231 gestantes,
662 3165 801 3235 ceterique
815 3183 878 3218 cum
891 3166 947 3217 suis
967 3164 1122 3216 mutatoriis
1139 3181 1154 3213 a
1174 3169 1248 3225 sunt,
1270 3162 1366 3228 poste'a

273 3231 309 3284 ad
323 3233 514 3285 consistorium
529 3241 686 3300 transeunt3
713 3244 803 3288 cetera
822 3243 853 3288 ut
877 3253 958 3356 supra
977 3235 1083 3287 dictum
1099 3241 1141 3286 est
1157 3241 1186 3285 et
1203 3233 1233 3284 in
1249 3230 1365 3302 reliquis

272 3303 383 3372 pompis
397 3319 461 3373 pera
499 3309 570 3354 ntur.
605 3304 710 3374 (xiil.)
727 3305 809 3358 Porro
828 3307 903 3358 scien

274 3371 413 3425 dominica
441 3391 456 3426 o
499 3375 572 3425 sacia
597 3381 625 3425 et
652 3374 775 3428 osculnm
794 3381 969 3445 sanmamq'ue
992 3376 1210 3431 communionem
1230 3373 1364 3424 Domino·

273 3443 376 3495 tunicis
400 3451 432 3495 ut
453 3444 483 3497 in
506 3444 603 3496 ceteris
625 3445 847 3515 processionibus
873 3444 985 3497 indutos
1011 3445 1105 3509 exire,
1127 3461 1184 3495 non
1198 3448 1365 3495 autemcum

273 3511 350 3575 loris,
371 3529 457 3584 quae,
475 3523 618 3584 postquam
636 3531 697 3567 cum
710 3517 806 3569 amicis
826 3514 998 3569 confabulati
1010 3523 1091 3576 sunt,
1108 3512 1243 3566 induunt:
1273 3520 1365 3564 cetera

273 3583 315 3633 uti
332 3585 361 3636 in
372 3584 485 3654 reliquis
499 3585 718 3654 processionibus
737 3595 912 3657 peraguntur,
948 3585 1096 3638 Sciendum
1110 3599 1222 3654 quoquc
1236 3589 1286 3645 est,
1304 3583 1364 3633 Do-

273 3653 364 3709 minus
379 3654 450 3707 sesto
469 3655 623 3708 nativitatis
640 3657 828 3709 sanctissimae
844 3656 978 3726 Deiparne
992 3672 1047 3708 non
1065 3655 1138 3706 utin
1154 3653 1268 3724 reliquis
1283 3669 1365 3721 posn-

273 3723 318 3800 pis
341 3741 466 3778 coronam
480 3735 597 3796 gestare,
626 3725 674 3778 sed
689 3729 806 3798 peractis
835 3735 963 3795 utsupra
986 3726 1139 3794 expositum
1162 3731 1204 3776 est
1225 3722 1363 3787 omuibus,

275 3791 412 3847 dibetcsio
431 3797 525 3849 amicti
544 3814 560 3848 n
581 3796 708 3850 eubiculo
731 3796 862 3868 Daphnes
879 3793 1041 3867 procedunt,
1059 3803 1088 3848 et
1105 3796 1135 3847 in
1153 3794 1297 3865 octanguio
1316 3809 1365 3844 cu·

274 3863 368 3920 hicuin
387 3867 492 3921 tunicas
511 3884 573 3920 suas
591 3867 719 3930 induunt,
735 3885 812 3920 more
831 3866 1031 3939 praedictarum
1046 3866 1250 3936 processionum
1270 3869 1363 3916 servs-

275 3944 306 3988 to
336 3943 365 3988 et
389 3938 486 3989 ceteris
508 3937 547 3990 ita
572 3945 604 3990 ut
631 3937 660 3990 in
686 3937 749 3990 aliis
768 3939 876 4009 pompis
900 3940 1026 4008 peractis.
1071 3937 1216 3989 Factiones
1237 3943 1365 3989 tamena

277 4007 379 4076 populo
399 4005 456 4060 non
476 4008 672 4071 instituuntur,
700 4007 749 4060 sesi
765 4010 800 4062 iis
821 4011 906 4070 locis,
929 4007 978 4059 ubi
1002 4005 1098 4060 adesse
1117 4007 1222 4069 soient,
1250 4005 1365 4058 duarum

183 4129 187 4138 ,
279 4081 397 4146 partium
416 4079 519 4131 notarii
536 4087 565 4131 et
582 4079 703 4148 magistri
716 4080 843 4134 Dominis
861 4080 989 4131 Romanis
1007 4077 1105 4140 verbis,
1123 4094 1193 4148 quae
1212 4075 1282 4128 festo
1300 4082 1365 4142 spta

276 4157 349 4214 sunt,
370 4149 528 4216 acclamant,
543 4158 571 4206 ct
590 4149 700 4222 quirem
718 4149 753 4206 ab
772 4167 816 4215 τι,
845 4165 915 4220 quae
934 4147 969 4204 sd
986 4147 1100 4216 lychnos
1119 4155 1190 4206 stare
1208 4146 1296 4210 solut,
1312 4161 1365 4203 no·

923 3322 970 3357 um
987 3312 1045 3366 est,
1063 3304 1093 3354 iu
1109 3311 1202 3354 sancta
1217 3309 1246 3353 et
1266 3317 1364 3370 magna
