<?xml version="1.0" encoding="UTF-8"?>
<!DOCTYPE html PUBLIC "-//W3C//DTD XHTML 1.0 Transitional//EN"
    "http://www.w3.org/TR/xhtml1/DTD/xhtml1-transitional.dtd">
<html xmlns="http://www.w3.org/1999/xhtml" xml:lang="en" lang="en">
 <head>
  <title>
</title>
<meta http-equiv="Content-Type" content="text/html;charset=utf-8" />
  <meta name='ocr-system' content='tesseract 3.04.00' />
  <meta name='ocr-capabilities' content='ocr_page ocr_carea ocr_par ocr_line ocrx_word'/>
</head>
<body>
  <div class='ocr_page' id='page_1' title='image "./corpusscriptoru40niebgoog_0097.png"; bbox 0 0 3042 4825; ppageno 0'>
   <div class='ocr_carea' id='block_1_1' title="bbox 259 170 1248 295">
    <p class='ocr_par' dir='ltr' id='par_1_1' title="bbox 259 170 1248 295">
     <span class='ocr_line' id='line_1_1' title="bbox 259 170 1248 295; baseline -0.007 -27"><span class='ocrx_word' id='word_1_1' title='bbox 259 170 261 173; x_wconf 65' lang='grc'>’</span> <span class='ocrx_word' id='word_1_2' title='bbox 327 196 1075 295; x_wconf 71' lang='lat' dir='ltr'><strong>osesmuou.susssouzsuu.1‚1.</strong></span> <span class='ocrx_word' id='word_1_3' title='bbox 1193 176 1248 262; x_wconf 84' lang='lat'><strong>33</strong></span> 
     </span>
    </p>
   </div>
   <div class='ocr_carea' id='block_1_2' title="bbox 106 351 1388 2918">
    <p class='ocr_par' dir='ltr' id='par_1_2' title="bbox 106 351 1388 2918">
     <span class='ocr_line' id='line_1_2' title="bbox 153 351 1249 441; baseline -0.004 -16"><span class='ocrx_word' id='word_1_4' title='bbox 153 356 215 425; x_wconf 75' lang='lat' dir='ltr'><strong>uui</strong></span> <span class='ocrx_word' id='word_1_5' title='bbox 229 356 287 423; x_wconf 79' lang='grc' dir='ltr'><strong>τοῦ</strong></span> <span class='ocrx_word' id='word_1_6' title='bbox 303 351 547 439; x_wconf 80' lang='grc' dir='ltr'><strong><em>κουβουκλεάιυ,</em></strong></span> <span class='ocrx_word' id='word_1_7' title='bbox 569 355 624 419; x_wconf 83' lang='grc' dir='ltr'><strong><em>καί</em></strong></span> <span class='ocrx_word' id='word_1_8' title='bbox 638 351 693 417; x_wconf 75' lang='grc' dir='ltr'><strong>ἐπὶ</strong></span> <span class='ocrx_word' id='word_1_9' title='bbox 711 354 770 441; x_wconf 63' lang='grc' dir='ltr'><strong>τοῦ</strong></span> <span class='ocrx_word' id='word_1_10' title='bbox 786 356 1049 438; x_wconf 75' lang='grc' dir='ltr'><strong><em>χρυσοτρικλινου</em></strong></span> <span class='ocrx_word' id='word_1_11' title='bbox 1066 351 1249 441; x_wconf 79' lang='grc' dir='ltr'><strong><em>εδφημοῦν-</em></strong></span> 
     </span>
     <span class='ocr_line' id='line_1_3' title="bbox 150 445 1385 541; baseline -0.008 -16"><span class='ocrx_word' id='word_1_12' title='bbox 150 482 212 525; x_wconf 84' lang='grc' dir='ltr'><strong><em>ται</em></strong></span> <span class='ocrx_word' id='word_1_13' title='bbox 232 452 317 522; x_wconf 69' lang='grc' dir='ltr'><strong><em>καθά</em></strong></span> <span class='ocrx_word' id='word_1_14' title='bbox 342 453 539 541; x_wconf 74' lang='grc' dir='ltr'><strong><em>προείρηται.</em></strong></span> <span class='ocrx_word' id='word_1_15' title='bbox 583 456 688 541; x_wconf 82' lang='grc' dir='ltr'><strong>(ΚΖ.)</strong></span> <span class='ocrx_word' id='word_1_16' title='bbox 711 453 840 517; x_wconf 78' lang='grc' dir='ltr'><strong><em>Εἰδὲναι</em></strong></span> <span class='ocrx_word' id='word_1_17' title='bbox 863 454 900 517; x_wconf 79' lang='grc' dir='ltr'><strong>δὲ</strong></span> <span class='ocrx_word' id='word_1_18' title='bbox 922 453 989 533; x_wconf 82' lang='grc' dir='ltr'><strong><em>δεῖ,</em></strong></span> <span class='ocrx_word' id='word_1_19' title='bbox 1011 445 1062 518; x_wconf 80' lang='grc' dir='ltr'><strong>δτι</strong></span> <span class='ocrx_word' id='word_1_20' title='bbox 1084 453 1166 519; x_wconf 82' lang='grc' dir='ltr'><strong><em>κατά</em></strong></span> <span class='ocrx_word' id='word_1_21' title='bbox 1192 454 1385 522; x_wconf 67' lang='lat' dir='ltr'><strong>adsitis-‚tub</strong></span> 
     </span>
     <span class='ocr_line' id='line_1_4' title="bbox 148 547 1249 639; baseline -0.005 -16"><span class='ocrx_word' id='word_1_22' title='bbox 148 555 260 623; x_wconf 82' lang='grc' dir='ltr'><strong><em>τάπον</em></strong></span> <span class='ocrx_word' id='word_1_23' title='bbox 283 554 403 639; x_wconf 84' lang='grc' dir='ltr'><strong><em>ταάτης</em></strong></span> <span class='ocrx_word' id='word_1_24' title='bbox 421 554 479 639; x_wconf 80' lang='grc' dir='ltr'><strong><em>τῆς</em></strong></span> <span class='ocrx_word' id='word_1_25' title='bbox 501 550 715 639; x_wconf 83' lang='grc' dir='ltr'><strong><em>πραελεάσεως</em></strong></span> <span class='ocrx_word' id='word_1_26' title='bbox 736 552 924 616; x_wconf 75' lang='grc' dir='ltr'><em>ἐπιτελεῖται</em></span> <span class='ocrx_word' id='word_1_27' title='bbox 946 548 1002 614; x_wconf 75' lang='grc' dir='ltr'><strong><em>καὶ</em></strong></span> <span class='ocrx_word' id='word_1_28' title='bbox 1023 547 1046 635; x_wconf 83' lang='grc' dir='ltr'><em>ἧ</em></span> <span class='ocrx_word' id='word_1_29' title='bbox 1070 552 1130 617; x_wconf 71' lang='lat' dir='ltr'><strong>rosi</strong></span> <span class='ocrx_word' id='word_1_30' title='bbox 1153 547 1249 638; x_wconf 77' lang='grc' dir='ltr'><strong><em>εάαγ-</em></strong></span> 
     </span>
     <span class='ocr_line' id='line_1_5' title="bbox 151 647 1273 740; baseline 0.001 -20"><span class='ocrx_word' id='word_1_31' title='bbox 151 656 310 740; x_wconf 71' lang='grc' dir='ltr'><strong><em>γελωμσῦ</em></strong></span> <span class='ocrx_word' id='word_1_32' title='bbox 329 654 514 740; x_wconf 78' lang='grc' dir='ltr'><strong><em>προέλευσις</em></strong></span> <span class='ocrx_word' id='word_1_33' title='bbox 537 648 616 717; x_wconf 83' lang='grc' dir='ltr'><strong><em>κατά</em></strong></span> <span class='ocrx_word' id='word_1_34' title='bbox 640 649 747 717; x_wconf 89' lang='grc' dir='ltr'><strong><em>πάντα</em></strong></span> <span class='ocrx_word' id='word_1_35' title='bbox 764 648 894 731; x_wconf 75' lang='grc' dir='ltr'><strong><em>ὁμοίως.</em></strong></span> <span class='ocrx_word' id='word_1_36' title='bbox 913 650 944 715; x_wconf 78' lang='grc' dir='ltr'><strong>εἰ</strong></span> <span class='ocrx_word' id='word_1_37' title='bbox 966 647 1028 739; x_wconf 83' lang='grc' dir='ltr'><strong>γάρ</strong></span> <span class='ocrx_word' id='word_1_38' title='bbox 1045 648 1157 739; x_wconf 71' lang='grc' dir='ltr'><strong><em>φθάσῃ</em></strong></span> <span class='ocrx_word' id='word_1_39' title='bbox 1180 651 1273 721; x_wconf 69' lang='lat' dir='ltr'><strong>sinc</strong></span> 
     </span>
     <span class='ocr_line' id='line_1_6' title="bbox 125 746 1298 840; baseline -0.004 -21"><span class='ocrx_word' id='word_1_40' title='bbox 125 753 195 819; x_wconf 70' lang='grc' dir='ltr'><strong>δάν</strong></span> <span class='ocrx_word' id='word_1_41' title='bbox 212 748 362 840; x_wconf 76' lang='grc' dir='ltr'><strong><em>σαββάτῳ</em></strong></span> <span class='ocrx_word' id='word_1_42' title='bbox 380 748 442 816; x_wconf 84' lang='grc' dir='ltr'><strong><em>εἴτε</em></strong></span> <span class='ocrx_word' id='word_1_43' title='bbox 455 753 491 815; x_wconf 77' lang='grc' dir='ltr'><strong>ἐν</strong></span> <span class='ocrx_word' id='word_1_44' title='bbox 505 750 660 837; x_wconf 77' lang='grc' dir='ltr'><strong><em>κυριακῇ,</em></strong></span> <span class='ocrx_word' id='word_1_45' title='bbox 682 748 738 813; x_wconf 75' lang='grc' dir='ltr'><strong><em>καί</em></strong></span> <span class='ocrx_word' id='word_1_46' title='bbox 760 746 795 813; x_wconf 84' lang='grc' dir='ltr'><strong><em>αἱ</em></strong></span> <span class='ocrx_word' id='word_1_47' title='bbox 817 746 914 832; x_wconf 78' lang='grc' dir='ltr'><strong><em>δοχαὶ</em></strong></span> <span class='ocrx_word' id='word_1_48' title='bbox 940 747 1029 834; x_wconf 83' lang='grc' dir='ltr'><strong><em>παρὰ</em></strong></span> <span class='ocrx_word' id='word_1_49' title='bbox 1052 750 1116 813; x_wconf 80' lang='grc' dir='ltr'><strong>τῶν</strong></span> <span class='ocrx_word' id='word_1_50' title='bbox 1142 749 1252 835; x_wconf 84' lang='grc' dir='ltr'><strong><em>δήμων</em></strong></span> <span class='ocrx_word' id='word_1_51' title='bbox 1291 814 1298 827; x_wconf 72' lang='grc'><strong><em>,</em></strong></span> 
     </span>
     <span class='ocr_line' id='line_1_7' title="bbox 153 840 1252 937; baseline -0.005 -19"><span class='ocrx_word' id='word_1_52' title='bbox 153 850 317 937; x_wconf 73' lang='grc' dir='ltr'><strong><em>γάνυνται,</em></strong></span> <span class='ocrx_word' id='word_1_53' title='bbox 337 848 393 915; x_wconf 80' lang='grc' dir='ltr'><strong><em>καί</em></strong></span> <span class='ocrx_word' id='word_1_54' title='bbox 408 847 449 914; x_wconf 86' lang='grc' dir='ltr'><strong>τά</strong></span> <span class='ocrx_word' id='word_1_55' title='bbox 475 840 594 937; x_wconf 73' lang='grc' dir='ltr'><strong><em>άρμανα</em></strong></span> <span class='ocrx_word' id='word_1_56' title='bbox 620 846 655 913; x_wconf 76' lang='grc' dir='ltr'><strong>δν</strong></span> <span class='ocrx_word' id='word_1_57' title='bbox 681 857 751 923; x_wconf 83' lang='grc' dir='ltr'><strong><em>ταῖς</em></strong></span> <span class='ocrx_word' id='word_1_58' title='bbox 775 848 945 933; x_wconf 78' lang='grc' dir='ltr'><strong><em>τέσσαρσιν</em></strong></span> <span class='ocrx_word' id='word_1_59' title='bbox 966 846 1102 912; x_wconf 78' lang='grc' dir='ltr'><strong><em>αδλοῦσι</em></strong></span> <span class='ocrx_word' id='word_1_60' title='bbox 1129 849 1252 931; x_wconf 78' lang='grc' dir='ltr'><strong><em>δοχαῖς·</em></strong></span> 
     </span>
     <span class='ocr_line' id='line_1_8' title="bbox 153 937 1251 1037; baseline -0.004 -22"><span class='ocrx_word' id='word_1_61' title='bbox 153 953 190 1017; x_wconf 79' lang='grc' dir='ltr'><strong>εἰ</strong></span> <span class='ocrx_word' id='word_1_62' title='bbox 205 952 242 1015; x_wconf 80' lang='grc' dir='ltr'><strong>δὲ</strong></span> <span class='ocrx_word' id='word_1_63' title='bbox 253 951 334 1037; x_wconf 82' lang='grc' dir='ltr'><strong><em>τάχη</em></strong></span> <span class='ocrx_word' id='word_1_64' title='bbox 350 942 430 1034; x_wconf 84' lang='grc' dir='ltr'><strong><em>άλλη</em></strong></span> <span class='ocrx_word' id='word_1_65' title='bbox 446 946 569 1034; x_wconf 81' lang='grc' dir='ltr'><strong><em>ἡμέρα,</em></strong></span> <span class='ocrx_word' id='word_1_66' title='bbox 591 948 734 1012; x_wconf 73' lang='grc' dir='ltr'><strong><em>ἵστανται</em></strong></span> <span class='ocrx_word' id='word_1_67' title='bbox 749 948 808 1029; x_wconf 82' lang='grc' dir='ltr'><strong>μὲν</strong></span> <span class='ocrx_word' id='word_1_68' title='bbox 825 943 867 1009; x_wconf 88' lang='grc' dir='ltr'><strong>τά</strong></span> <span class='ocrx_word' id='word_1_69' title='bbox 884 949 986 1032; x_wconf 83' lang='grc' dir='ltr'><strong><em>μέρη,</em></strong></span> <span class='ocrx_word' id='word_1_70' title='bbox 1006 937 1078 1029; x_wconf 81' lang='grc' dir='ltr'><strong><em>ἦτοι</em></strong></span> <span class='ocrx_word' id='word_1_71' title='bbox 1097 943 1129 1011; x_wconf 79' lang='grc' dir='ltr'><strong>οἱ</strong></span> <span class='ocrx_word' id='word_1_72' title='bbox 1145 948 1251 1031; x_wconf 85' lang='grc' dir='ltr'><strong><em>δήμοι,</em></strong></span> 
     </span>
     <span class='ocr_line' id='line_1_9' title="bbox 154 1040 1252 1135; baseline -0.01 -20"><span class='ocrx_word' id='word_1_73' title='bbox 154 1050 194 1115; x_wconf 74' lang='grc' dir='ltr'><strong>ἓν</strong></span> <span class='ocrx_word' id='word_1_74' title='bbox 204 1058 272 1125; x_wconf 85' lang='grc' dir='ltr'><strong><em>τοῖς</em></strong></span> <span class='ocrx_word' id='word_1_75' title='bbox 288 1050 526 1135; x_wconf 73' lang='grc' dir='ltr'><strong><em>προειρημένοις</em></strong></span> <span class='ocrx_word' id='word_1_76' title='bbox 545 1040 654 1112; x_wconf 77' lang='grc' dir='ltr'><strong><em>αάτοόν</em></strong></span> <span class='ocrx_word' id='word_1_77' title='bbox 669 1048 725 1131; x_wconf 81' lang='grc' dir='ltr'><strong><em>τῆς</em></strong></span> <span class='ocrx_word' id='word_1_78' title='bbox 740 1045 859 1124; x_wconf 82' lang='grc' dir='ltr'><strong><em>τάξεως</em></strong></span> <span class='ocrx_word' id='word_1_79' title='bbox 882 1046 1010 1127; x_wconf 88' lang='grc' dir='ltr'><strong><em>τόποις,</em></strong></span> <span class='ocrx_word' id='word_1_80' title='bbox 1039 1043 1094 1110; x_wconf 79' lang='grc' dir='ltr'><strong><em>καὶ</em></strong></span> <span class='ocrx_word' id='word_1_81' title='bbox 1108 1043 1149 1130; x_wconf 85' lang='grc' dir='ltr'><strong>δή</strong></span> <span class='ocrx_word' id='word_1_82' title='bbox 1167 1045 1252 1132; x_wconf 86' lang='grc' dir='ltr'><strong><em>διερ.</em></strong></span> 
     </span>
     <span class='ocr_line' id='line_1_10' title="bbox 154 1142 1253 1237; baseline -0.008 -21"><span class='ocrx_word' id='word_1_83' title='bbox 154 1150 305 1237; x_wconf 76' lang='grc' dir='ltr'><strong><em>χομὲνων</em></strong></span> <span class='ocrx_word' id='word_1_84' title='bbox 327 1148 570 1231; x_wconf 62' lang='lat' dir='ltr'><strong>resternatur</strong></span> <span class='ocrx_word' id='word_1_85' title='bbox 590 1142 672 1228; x_wconf 82' lang='grc' dir='ltr'><strong><em>μετά</em></strong></span> <span class='ocrx_word' id='word_1_86' title='bbox 689 1146 746 1230; x_wconf 88' lang='grc' dir='ltr'><strong><em>τής</em></strong></span> <span class='ocrx_word' id='word_1_87' title='bbox 769 1142 930 1230; x_wconf 74' lang='grc' dir='ltr'><strong><em>συνήθους</em></strong></span> <span class='ocrx_word' id='word_1_88' title='bbox 944 1142 1063 1225; x_wconf 80' lang='grc' dir='ltr'><strong><em>τάξεως</em></strong></span> <span class='ocrx_word' id='word_1_89' title='bbox 1082 1146 1141 1229; x_wconf 84' lang='grc' dir='ltr'><strong><em>τής</em></strong></span> <span class='ocrx_word' id='word_1_90' title='bbox 1156 1168 1253 1231; x_wconf 84' lang='grc' dir='ltr'><strong><em>προε-</em></strong></span> 
     </span>
     <span class='ocr_line' id='line_1_11' title="bbox 106 1238 1254 1331; baseline -0.002 -21"><span class='ocrx_word' id='word_1_91' title='bbox 106 1247 315 1331; x_wconf 82' lang='grc' dir='ltr'><strong><em>τολεάσεας,</em></strong></span> <span class='ocrx_word' id='word_1_92' title='bbox 337 1242 525 1330; x_wconf 55' lang='lat' dir='ltr'><strong>insulensi</strong></span> <span class='ocrx_word' id='word_1_93' title='bbox 548 1247 608 1327; x_wconf 78' lang='grc' dir='ltr'><strong>μὲν</strong></span> <span class='ocrx_word' id='word_1_94' title='bbox 628 1244 676 1311; x_wconf 79' lang='grc' dir='ltr'><strong>ἒν·</strong></span> <span class='ocrx_word' id='word_1_95' title='bbox 690 1238 738 1320; x_wconf 81' lang='grc' dir='ltr'><strong><em>οἷς</em></strong></span> <span class='ocrx_word' id='word_1_96' title='bbox 758 1246 903 1309; x_wconf 76' lang='grc' dir='ltr'><strong><em>ἵστανται</em></strong></span> <span class='ocrx_word' id='word_1_97' title='bbox 922 1242 1047 1326; x_wconf 86' lang='grc' dir='ltr'><strong><em>τόποις,</em></strong></span> <span class='ocrx_word' id='word_1_98' title='bbox 1067 1269 1254 1330; x_wconf 81' lang='grc' dir='ltr'><strong><em>κατασφρα-</em></strong></span> 
     </span>
     <span class='ocr_line' id='line_1_12' title="bbox 155 1338 1254 1433; baseline -0.005 -20"><span class='ocrx_word' id='word_1_99' title='bbox 155 1348 299 1433; x_wconf 74' lang='grc' dir='ltr'><strong><em>γιζοντες</em></strong></span> <span class='ocrx_word' id='word_1_100' title='bbox 325 1340 463 1426; x_wconf 78' lang='grc' dir='ltr'><strong><em>αάτοάς,</em></strong></span> <span class='ocrx_word' id='word_1_101' title='bbox 493 1344 597 1430; x_wconf 82' lang='grc' dir='ltr'><strong><em>μηδὲν</em></strong></span> <span class='ocrx_word' id='word_1_102' title='bbox 622 1342 876 1426; x_wconf 78' lang='grc' dir='ltr'><strong><em>άκτολογοῦντες.</em></strong></span> <span class='ocrx_word' id='word_1_103' title='bbox 894 1338 958 1429; x_wconf 84' lang='grc' dir='ltr'><strong>χρή</strong></span> <span class='ocrx_word' id='word_1_104' title='bbox 982 1345 1019 1408; x_wconf 77' lang='grc' dir='ltr'><strong>δὲ</strong></span> <span class='ocrx_word' id='word_1_105' title='bbox 1041 1344 1160 1409; x_wconf 76' lang='grc' dir='ltr'><strong><em>εἰδέναι</em></strong></span> <span class='ocrx_word' id='word_1_106' title='bbox 1172 1394 1183 1425; x_wconf 94' lang='grc'><strong><em>,</em></strong></span> <span class='ocrx_word' id='word_1_107' title='bbox 1204 1338 1254 1408; x_wconf 82' lang='grc' dir='ltr'><strong>ὅτι</strong></span> 
     </span>
     <span class='ocr_line' id='line_1_13' title="bbox 153 1440 1255 1529; baseline -0.004 -18"><span class='ocrx_word' id='word_1_108' title='bbox 153 1444 236 1511; x_wconf 76' lang='grc' dir='ltr'><strong><em>κατὰ</em></strong></span> <span class='ocrx_word' id='word_1_109' title='bbox 267 1444 322 1510; x_wconf 86' lang='grc' dir='ltr'><strong>τὸν</strong></span> <span class='ocrx_word' id='word_1_110' title='bbox 351 1443 451 1509; x_wconf 85' lang='grc' dir='ltr'><strong><em>τάπσν</em></strong></span> <span class='ocrx_word' id='word_1_111' title='bbox 470 1440 587 1527; x_wconf 74' lang='grc' dir='ltr'><strong><em>ταύτης</em></strong></span> <span class='ocrx_word' id='word_1_112' title='bbox 612 1444 669 1529; x_wconf 86' lang='grc' dir='ltr'><strong><em>τής</em></strong></span> <span class='ocrx_word' id='word_1_113' title='bbox 696 1441 914 1528; x_wconf 81' lang='grc' dir='ltr'><strong><em>προελεάσεως</em></strong></span> <span class='ocrx_word' id='word_1_114' title='bbox 940 1446 998 1507; x_wconf 76' lang='grc' dir='ltr'><strong>τοῦ</strong></span> <span class='ocrx_word' id='word_1_115' title='bbox 1021 1443 1255 1525; x_wconf 79' lang='grc' dir='ltr'><strong><em>εδαγγελισμοῦ</em></strong></span> 
     </span>
     <span class='ocr_line' id='line_1_14' title="bbox 153 1536 1252 1629; baseline -0.005 -19"><span class='ocrx_word' id='word_1_116' title='bbox 153 1542 347 1610; x_wconf 68' lang='grc' dir='ltr'><strong><em>ἐπιτελεῖται</em></strong></span> <span class='ocrx_word' id='word_1_117' title='bbox 361 1542 419 1607; x_wconf 78' lang='grc' dir='ltr'><em>καί</em></span> <span class='ocrx_word' id='word_1_118' title='bbox 431 1542 452 1627; x_wconf 85' lang='grc' dir='ltr'><strong><em>ή</em></strong></span> <span class='ocrx_word' id='word_1_119' title='bbox 464 1543 648 1629; x_wconf 85' lang='grc' dir='ltr'><strong><em>προέλεοσις</em></strong></span> <span class='ocrx_word' id='word_1_120' title='bbox 668 1542 726 1606; x_wconf 78' lang='grc' dir='ltr'><strong>τοῦ</strong></span> <span class='ocrx_word' id='word_1_121' title='bbox 742 1536 835 1624; x_wconf 77' lang='grc' dir='ltr'><strong>άμόυ</strong></span> <span class='ocrx_word' id='word_1_122' title='bbox 852 1544 908 1605; x_wconf 79' lang='grc' dir='ltr'><strong><em>καί</em></strong></span> <span class='ocrx_word' id='word_1_123' title='bbox 919 1539 1059 1624; x_wconf 79' lang='grc' dir='ltr'><strong><em>μεγάλου</em></strong></span> <span class='ocrx_word' id='word_1_124' title='bbox 1076 1540 1252 1622; x_wconf 77' lang='grc' dir='ltr'><strong><em>σαββάτου·</em></strong></span> 
     </span>
     <span class='ocr_line' id='line_1_15' title="bbox 155 1636 1282 1729; baseline -0.006 -22"><span class='ocrx_word' id='word_1_125' title='bbox 155 1641 379 1707; x_wconf 80' lang='grc' dir='ltr'><strong><em>άλλοσσόνταν</em></strong></span> <span class='ocrx_word' id='word_1_126' title='bbox 401 1640 463 1729; x_wconf 80' lang='grc' dir='ltr'><strong>γάρ</strong></span> <span class='ocrx_word' id='word_1_127' title='bbox 489 1643 552 1707; x_wconf 78' lang='grc' dir='ltr'><strong>τῶν</strong></span> <span class='ocrx_word' id='word_1_128' title='bbox 574 1642 737 1705; x_wconf 76' lang='grc' dir='ltr'><strong><em>δεσποτῶν</em></strong></span> <span class='ocrx_word' id='word_1_129' title='bbox 761 1638 801 1705; x_wconf 84' lang='grc' dir='ltr'><strong>τά</strong></span> <span class='ocrx_word' id='word_1_130' title='bbox 829 1636 979 1725; x_wconf 63' lang='grc' dir='ltr'><strong><em>λεγόμενα</em></strong></span> <span class='ocrx_word' id='word_1_131' title='bbox 1001 1637 1126 1723; x_wconf 80' lang='grc' dir='ltr'><strong><em>παγανά</em></strong></span> <span class='ocrx_word' id='word_1_132' title='bbox 1153 1641 1189 1703; x_wconf 80' lang='grc' dir='ltr'><strong>ἐν</strong></span> <span class='ocrx_word' id='word_1_133' title='bbox 1210 1642 1282 1727; x_wconf 65' lang='lat' dir='ltr'><strong>epil]</strong></span> 
     </span>
     <span class='ocr_line' id='line_1_16' title="bbox 113 1738 1254 1829; baseline -0.001 -27"><span class='ocrx_word' id='word_1_134' title='bbox 113 1740 284 1806; x_wconf 75' lang='grc' dir='ltr'><strong><em>ι5κυιτοῖνι</em></strong></span> <span class='ocrx_word' id='word_1_135' title='bbox 304 1742 362 1826; x_wconf 79' lang='grc' dir='ltr'><strong><em>τῆς</em></strong></span> <span class='ocrx_word' id='word_1_136' title='bbox 381 1738 536 1828; x_wconf 88' lang='grc' dir='ltr'><strong><em>Δάφνης,</em></strong></span> <span class='ocrx_word' id='word_1_137' title='bbox 565 1738 622 1804; x_wconf 75' lang='grc' dir='ltr'><strong><em>καὶ</em></strong></span> <span class='ocrx_word' id='word_1_138' title='bbox 635 1740 849 1826; x_wconf 77' lang='grc' dir='ltr'><strong><em>ἐξερχομένων</em></strong></span> <span class='ocrx_word' id='word_1_139' title='bbox 873 1741 908 1805; x_wconf 71' lang='grc' dir='ltr'><strong>ἐν</strong></span> <span class='ocrx_word' id='word_1_140' title='bbox 929 1743 973 1829; x_wconf 74' lang='grc' dir='ltr'><strong>τῷ</strong></span> <span class='ocrx_word' id='word_1_141' title='bbox 992 1738 1156 1826; x_wconf 75' lang='grc' dir='ltr'><strong><em>ὄκταγιάνῳ</em></strong></span> <span class='ocrx_word' id='word_1_142' title='bbox 1178 1760 1254 1802; x_wconf 85' lang='grc' dir='ltr'><strong><em>κου-</em></strong></span> 
     </span>
     <span class='ocr_line' id='line_1_17' title="bbox 153 1835 1254 1927; baseline -0.004 -24"><span class='ocrx_word' id='word_1_143' title='bbox 153 1838 319 1927; x_wconf 74' lang='grc' dir='ltr'><strong><em>βουκλεάφ,</em></strong></span> <span class='ocrx_word' id='word_1_144' title='bbox 338 1840 395 1903; x_wconf 72' lang='grc' dir='ltr'><strong><em>καὶ</em></strong></span> <span class='ocrx_word' id='word_1_145' title='bbox 408 1836 571 1921; x_wconf 81' lang='grc' dir='ltr'><strong><em>βαλάντιον</em></strong></span> <span class='ocrx_word' id='word_1_146' title='bbox 593 1835 653 1914; x_wconf 85' lang='grc' dir='ltr'><strong><em>τάς</em></strong></span> <span class='ocrx_word' id='word_1_147' title='bbox 670 1835 814 1921; x_wconf 83' lang='grc' dir='ltr'><strong><em>παγανάς</em></strong></span> <span class='ocrx_word' id='word_1_148' title='bbox 841 1836 1051 1921; x_wconf 87' lang='grc' dir='ltr'><strong><em>χλαμμάδας,</em></strong></span> <span class='ocrx_word' id='word_1_149' title='bbox 1071 1838 1254 1920; x_wconf 77' lang='grc' dir='ltr'><strong><em>ἐξέρχονται</em></strong></span> 
     </span>
     <span class='ocr_line' id='line_1_18' title="bbox 157 1932 1255 2022; baseline -0.005 -19"><span class='ocrx_word' id='word_1_150' title='bbox 157 1933 216 2003; x_wconf 85' lang='grc' dir='ltr'><strong>διά</strong></span> <span class='ocrx_word' id='word_1_151' title='bbox 242 1938 303 2000; x_wconf 81' lang='grc' dir='ltr'><strong><em>τοῦ</em></strong></span> <span class='ocrx_word' id='word_1_152' title='bbox 336 1938 582 2020; x_wconf 70' lang='grc' dir='ltr'><strong><em>αδγουσιιλονος.</em></strong></span> <span class='ocrx_word' id='word_1_153' title='bbox 616 1932 707 2001; x_wconf 74' lang='grc' dir='ltr'><strong><em>ἔνδον</em></strong></span> <span class='ocrx_word' id='word_1_154' title='bbox 730 1934 792 2022; x_wconf 74' lang='grc' dir='ltr'><strong>γὰρ</strong></span> <span class='ocrx_word' id='word_1_155' title='bbox 821 1937 878 2020; x_wconf 85' lang='grc' dir='ltr'><strong><em>τῆς</em></strong></span> <span class='ocrx_word' id='word_1_156' title='bbox 908 1934 1046 2021; x_wconf 79' lang='grc' dir='ltr'><strong><em>μεγάλης</em></strong></span> <span class='ocrx_word' id='word_1_157' title='bbox 1067 1933 1167 2019; x_wconf 86' lang='grc' dir='ltr'><strong><em>πάλης</em></strong></span> <span class='ocrx_word' id='word_1_158' title='bbox 1195 1934 1255 1999; x_wconf 75' lang='grc' dir='ltr'><strong>τοῦ</strong></span> 
     </span>
     <span class='ocr_line' id='line_1_19' title="bbox 158 2031 1254 2122; baseline -0.004 -22"><span class='ocrx_word' id='word_1_159' title='bbox 158 2036 263 2100; x_wconf 71' lang='lat' dir='ltr'><strong>adseri</strong></span> <span class='ocrx_word' id='word_1_160' title='bbox 277 2034 509 2119; x_wconf 74' lang='lat' dir='ltr'><strong>udyovms&#39;uvoc</strong></span> <span class='ocrx_word' id='word_1_161' title='bbox 523 2036 649 2101; x_wconf 73' lang='grc' dir='ltr'><strong><em>ἵσταται</em></strong></span> <span class='ocrx_word' id='word_1_162' title='bbox 661 2031 930 2122; x_wconf 84' lang='grc' dir='ltr'><strong><em>κουβικουλάριυς,</em></strong></span> <span class='ocrx_word' id='word_1_163' title='bbox 940 2033 1081 2117; x_wconf 83' lang='grc' dir='ltr'><strong><em>ε’ποάμιον</em></strong></span> <span class='ocrx_word' id='word_1_164' title='bbox 1097 2032 1254 2122; x_wconf 87' lang='grc' dir='ltr'><strong><em>φάρτωμα</em></strong></span> 
     </span>
     <span class='ocr_line' id='line_1_20' title="bbox 158 2121 1255 2222; baseline 0.001 -24"><span class='ocrx_word' id='word_1_165' title='bbox 158 2132 195 2199; x_wconf 87' lang='grc' dir='ltr'><strong>τά</strong></span> <span class='ocrx_word' id='word_1_166' title='bbox 222 2130 418 2219; x_wconf 80' lang='grc' dir='ltr'><strong><em>κεντινάριον</em></strong></span> <span class='ocrx_word' id='word_1_167' title='bbox 450 2136 558 2219; x_wconf 81' lang='grc' dir='ltr'><strong><em>φέρων</em></strong></span> <span class='ocrx_word' id='word_1_168' title='bbox 589 2132 646 2197; x_wconf 77' lang='lat' dir='ltr'><strong>seui</strong></span> <span class='ocrx_word' id='word_1_169' title='bbox 668 2136 852 2217; x_wconf 79' lang='grc' dir='ltr'><strong><em>περιπατῶν</em></strong></span> <span class='ocrx_word' id='word_1_170' title='bbox 876 2125 1011 2200; x_wconf 72' lang='grc' dir='ltr'><strong><em>ὄπισθεν</em></strong></span> <span class='ocrx_word' id='word_1_171' title='bbox 1036 2121 1168 2220; x_wconf 73' lang='grc' dir='ltr'><strong><em>πλησίον</em></strong></span> <span class='ocrx_word' id='word_1_172' title='bbox 1190 2136 1255 2222; x_wconf 75' lang='grc' dir='ltr'><strong><em>ταῖν</em></strong></span> 
     </span>
     <span class='ocr_line' id='line_1_21' title="bbox 115 2222 1255 2319; baseline 0.002 -24"><span class='ocrx_word' id='word_1_173' title='bbox 115 2232 328 2299; x_wconf 64' lang='lat' dir='ltr'><strong>adiunctus.</strong></span> <span class='ocrx_word' id='word_1_174' title='bbox 360 2235 416 2297; x_wconf 78' lang='grc' dir='ltr'><strong><em>κατ’</em></strong></span> <span class='ocrx_word' id='word_1_175' title='bbox 438 2229 479 2316; x_wconf 89' lang='grc' dir='ltr'><strong>δή</strong></span> <span class='ocrx_word' id='word_1_176' title='bbox 509 2234 564 2317; x_wconf 77' lang='grc' dir='ltr'><strong><em>τῆς</em></strong></span> <span class='ocrx_word' id='word_1_177' title='bbox 588 2230 748 2316; x_wconf 78' lang='grc' dir='ltr'><strong><em>συνήθους</em></strong></span> <span class='ocrx_word' id='word_1_178' title='bbox 771 2229 889 2308; x_wconf 76' lang='grc' dir='ltr'><strong><em>τάξεως</em></strong></span> <span class='ocrx_word' id='word_1_179' title='bbox 911 2222 1101 2319; x_wconf 70' lang='grc' dir='ltr'><strong><em>τελουμένης</em></strong></span> <span class='ocrx_word' id='word_1_180' title='bbox 1127 2235 1162 2298; x_wconf 82' lang='grc' dir='ltr'><strong>ἐν</strong></span> <span class='ocrx_word' id='word_1_181' title='bbox 1182 2229 1255 2309; x_wconf 77' lang='grc' dir='ltr'><strong><em>ταῖς</em></strong></span> 
     </span>
     <span class='ocr_line' id='line_1_22' title="bbox 157 2326 1256 2418; baseline -0.001 -22"><span class='ocrx_word' id='word_1_182' title='bbox 157 2333 273 2416; x_wconf 76' lang='grc' dir='ltr'><strong><em>δοχαῖς</em></strong></span> <span class='ocrx_word' id='word_1_183' title='bbox 303 2326 386 2396; x_wconf 83' lang='grc' dir='ltr'><strong><em>κατά</em></strong></span> <span class='ocrx_word' id='word_1_184' title='bbox 424 2329 483 2417; x_wconf 89' lang='grc' dir='ltr'><strong>τήν</strong></span> <span class='ocrx_word' id='word_1_185' title='bbox 516 2330 692 2418; x_wconf 68' lang='grc' dir='ltr'><strong><em>συνήθειαν</em></strong></span> <span class='ocrx_word' id='word_1_186' title='bbox 718 2332 774 2417; x_wconf 78' lang='grc' dir='ltr'><strong><em>τῆς</em></strong></span> <span class='ocrx_word' id='word_1_187' title='bbox 800 2328 1014 2418; x_wconf 82' lang='grc' dir='ltr'><strong><em>πραελεάσεως</em></strong></span> <span class='ocrx_word' id='word_1_188' title='bbox 1040 2334 1098 2396; x_wconf 75' lang='grc' dir='ltr'><strong>τοῦ</strong></span> <span class='ocrx_word' id='word_1_189' title='bbox 1124 2332 1256 2417; x_wconf 80' lang='grc' dir='ltr'><strong><em>εδαμγε-</em></strong></span> 
     </span>
     <span class='ocr_line' id='line_1_23' title="bbox 157 2428 1255 2518; baseline -0.002 -21"><span class='ocrx_word' id='word_1_190' title='bbox 157 2433 286 2514; x_wconf 80' lang='grc' dir='ltr'><strong><em>λισμοῦ,</em></strong></span> <span class='ocrx_word' id='word_1_191' title='bbox 306 2429 491 2515; x_wconf 77' lang='grc' dir='ltr'><strong><em>ιάμβίζουσι</em></strong></span> <span class='ocrx_word' id='word_1_192' title='bbox 508 2434 564 2498; x_wconf 78' lang='grc' dir='ltr'><strong><em>καὶ</em></strong></span> <span class='ocrx_word' id='word_1_193' title='bbox 580 2431 609 2497; x_wconf 85' lang='grc' dir='ltr'><strong>οἱ</strong></span> <span class='ocrx_word' id='word_1_194' title='bbox 627 2433 690 2496; x_wconf 75' lang='grc' dir='ltr'><strong>τῶν</strong></span> <span class='ocrx_word' id='word_1_195' title='bbox 714 2436 822 2517; x_wconf 79' lang='grc' dir='ltr'><strong><em>μεριάν</em></strong></span> <span class='ocrx_word' id='word_1_196' title='bbox 842 2428 987 2518; x_wconf 84' lang='grc' dir='ltr'><strong><em>νοτάριυι</em></strong></span> <span class='ocrx_word' id='word_1_197' title='bbox 1007 2435 1062 2497; x_wconf 78' lang='grc' dir='ltr'><em>καί</em></span> <span class='ocrx_word' id='word_1_198' title='bbox 1076 2428 1106 2495; x_wconf 81' lang='grc' dir='ltr'><strong>οἱ</strong></span> <span class='ocrx_word' id='word_1_199' title='bbox 1119 2435 1255 2513; x_wconf 82' lang='grc' dir='ltr'><strong><em>μαΐστο-</em></strong></span> 
     </span>
     <span class='ocr_line' id='line_1_24' title="bbox 158 2528 1253 2618; baseline -0.001 -25"><span class='ocrx_word' id='word_1_200' title='bbox 158 2553 214 2616; x_wconf 86' lang='grc' dir='ltr'><strong><em>ρες</em></strong></span> <span class='ocrx_word' id='word_1_201' title='bbox 238 2532 274 2595; x_wconf 78' lang='grc' dir='ltr'><strong>ἐν</strong></span> <span class='ocrx_word' id='word_1_202' title='bbox 293 2539 362 2605; x_wconf 75' lang='grc' dir='ltr'><strong><em>τοῖς</em></strong></span> <span class='ocrx_word' id='word_1_203' title='bbox 387 2529 513 2604; x_wconf 79' lang='grc' dir='ltr'><strong><em>οἰκείοις</em></strong></span> <span class='ocrx_word' id='word_1_204' title='bbox 537 2529 645 2594; x_wconf 69' lang='grc' dir='ltr'><strong><em>αὐτῶν</em></strong></span> <span class='ocrx_word' id='word_1_205' title='bbox 666 2528 776 2604; x_wconf 74' lang='grc' dir='ltr'><strong><em>καθώς</em></strong></span> <span class='ocrx_word' id='word_1_206' title='bbox 800 2529 983 2618; x_wconf 73' lang='grc' dir='ltr'><strong><em>προείρηται</em></strong></span> <span class='ocrx_word' id='word_1_207' title='bbox 1002 2531 1039 2596; x_wconf 77' lang='grc' dir='ltr'><strong>ἐν</strong></span> <span class='ocrx_word' id='word_1_208' title='bbox 1056 2533 1100 2616; x_wconf 77' lang='grc' dir='ltr'><strong>τῷ</strong></span> <span class='ocrx_word' id='word_1_209' title='bbox 1124 2530 1253 2613; x_wconf 74' lang='grc' dir='ltr'><strong><em>εὐαγγε-</em></strong></span> 
     </span>
     <span class='ocr_line' id='line_1_25' title="bbox 158 2625 1388 2718; baseline 0.002 -25"><span class='ocrx_word' id='word_1_210' title='bbox 158 2632 264 2718; x_wconf 74' lang='grc' dir='ltr'><strong><em>λισμήὶ</em></strong></span> <span class='ocrx_word' id='word_1_211' title='bbox 281 2629 390 2706; x_wconf 81' lang='grc' dir='ltr'><strong><em>τόποις</em></strong></span> <span class='ocrx_word' id='word_1_212' title='bbox 397 2680 407 2711; x_wconf 93' lang='grc'><strong><em>,</em></strong></span> <span class='ocrx_word' id='word_1_213' title='bbox 429 2629 485 2693; x_wconf 74' lang='grc' dir='ltr'><strong><em>κατ’</em></strong></span> <span class='ocrx_word' id='word_1_214' title='bbox 511 2625 627 2713; x_wconf 87' lang='grc' dir='ltr'><strong><em>δή-διά</em></strong></span> <span class='ocrx_word' id='word_1_215' title='bbox 649 2631 707 2694; x_wconf 75' lang='grc' dir='ltr'><strong>τοῦ</strong></span> <span class='ocrx_word' id='word_1_216' title='bbox 727 2628 822 2713; x_wconf 73' lang='grc' dir='ltr'><strong><em>ἁγίου</em></strong></span> <span class='ocrx_word' id='word_1_217' title='bbox 847 2632 986 2717; x_wconf 80' lang='grc' dir='ltr'><strong><em>φρέατος</em></strong></span> <span class='ocrx_word' id='word_1_218' title='bbox 1008 2631 1071 2694; x_wconf 77' lang='grc' dir='ltr'><strong>τῶν</strong></span> <span class='ocrx_word' id='word_1_219' title='bbox 1091 2631 1344 2705; x_wconf 65' lang='lat' dir='ltr'><strong>decantaturus,</strong></span> <span class='ocrx_word' id='word_1_220' title='bbox 1357 2663 1388 2701; x_wconf 79' lang='grc' dir='ltr'><strong>υι</strong></span> 
     </span>
     <span class='ocr_line' id='line_1_26' title="bbox 116 2724 1254 2816; baseline -0.003 -21"><span class='ocrx_word' id='word_1_221' title='bbox 116 2725 373 2816; x_wconf 66' lang='grc' dir='ltr'><strong><em>35διερχομάνοον</em></strong></span> <span class='ocrx_word' id='word_1_222' title='bbox 403 2725 512 2805; x_wconf 79' lang='grc' dir='ltr'><strong><em>καθοδς</em></strong></span> <span class='ocrx_word' id='word_1_223' title='bbox 533 2730 736 2816; x_wconf 71' lang='grc' dir='ltr'><strong><em>προείρηται,</em></strong></span> <span class='ocrx_word' id='word_1_224' title='bbox 769 2727 825 2794; x_wconf 76' lang='lat' dir='ltr'><strong>sui</strong></span> <span class='ocrx_word' id='word_1_225' title='bbox 839 2727 895 2795; x_wconf 79' lang='grc' dir='ltr'><strong>ἐπὶ</strong></span> <span class='ocrx_word' id='word_1_226' title='bbox 909 2730 967 2794; x_wconf 72' lang='grc' dir='ltr'><strong>τοῦ</strong></span> <span class='ocrx_word' id='word_1_227' title='bbox 985 2724 1130 2814; x_wconf 78' lang='grc' dir='ltr'><strong><em>βήματος</em></strong></span> <span class='ocrx_word' id='word_1_228' title='bbox 1151 2731 1254 2816; x_wconf 83' lang='grc' dir='ltr'><strong><em>εἰσερ-</em></strong></span> 
     </span>
     <span class='ocr_line' id='line_1_27' title="bbox 231 2831 1244 2918; baseline -0.003 -17"><span class='ocrx_word' id='word_1_229' title='bbox 231 2863 256 2901; x_wconf 84' lang='lat' dir='ltr'><strong>a.</strong></span> <span class='ocrx_word' id='word_1_230' title='bbox 276 2834 352 2899; x_wconf 73' lang='grc' dir='ltr'><strong><em>καθά</em></strong></span> <span class='ocrx_word' id='word_1_231' title='bbox 374 2844 418 2899; x_wconf 76' lang='lat' dir='ltr'><strong>ed.</strong></span> <span class='ocrx_word' id='word_1_232' title='bbox 489 2863 515 2916; x_wconf 85' lang='lat'><strong>7.</strong></span> <span class='ocrx_word' id='word_1_233' title='bbox 531 2848 587 2900; x_wconf 77' lang='lat' dir='ltr'><strong>site</strong></span> <span class='ocrx_word' id='word_1_234' title='bbox 601 2845 643 2898; x_wconf 88' lang='lat' dir='ltr'><strong>ed</strong></span> <span class='ocrx_word' id='word_1_235' title='bbox 718 2849 759 2918; x_wconf 72' lang='grc' dir='ltr'><strong>σή.</strong></span> <span class='ocrx_word' id='word_1_236' title='bbox 781 2848 845 2901; x_wconf 71' lang='grc' dir='ltr'><strong><em>τοῖν.</em></strong></span> <span class='ocrx_word' id='word_1_237' title='bbox 860 2845 892 2901; x_wconf 73' lang='grc' dir='ltr'><strong>δὲ</strong></span> <span class='ocrx_word' id='word_1_238' title='bbox 910 2845 990 2900; x_wconf 77' lang='lat' dir='ltr'><strong>deun.</strong></span> <span class='ocrx_word' id='word_1_239' title='bbox 1012 2846 1054 2899; x_wconf 90' lang='lat' dir='ltr'><strong>ed.</strong></span> <span class='ocrx_word' id='word_1_240' title='bbox 1237 2831 1244 2844; x_wconf 68' lang='lat'><em>⁰</em></span> 
     </span>
    </p>
   </div>
   <div class='ocr_carea' id='block_1_3' title="bbox 154 2949 1292 4226">
    <p class='ocr_par' dir='ltr' id='par_1_3' title="bbox 200 2949 1252 3020">
     <span class='ocr_line' id='line_1_28' title="bbox 200 2949 1252 3020; baseline 0.002 -16"><span class='ocrx_word' id='word_1_241' title='bbox 200 2949 238 3004; x_wconf 89' lang='lat' dir='ltr'><strong>od</strong></span> <span class='ocrx_word' id='word_1_242' title='bbox 270 2950 307 3004; x_wconf 86' lang='lat' dir='ltr'><strong>sd</strong></span> <span class='ocrx_word' id='word_1_243' title='bbox 335 2965 448 3002; x_wconf 83' lang='lat' dir='ltr'><strong>aureum</strong></span> <span class='ocrx_word' id='word_1_244' title='bbox 479 2951 633 3002; x_wconf 88' lang='lat' dir='ltr'><strong>triclinium</strong></span> <span class='ocrx_word' id='word_1_245' title='bbox 667 2951 736 3020; x_wconf 89' lang='lat' dir='ltr'><strong>ipsis</strong></span> <span class='ocrx_word' id='word_1_246' title='bbox 779 2957 811 3002; x_wconf 88' lang='lat' dir='ltr'><strong>ut</strong></span> <span class='ocrx_word' id='word_1_247' title='bbox 836 2967 918 3020; x_wconf 80' lang='lat' dir='ltr'><strong>supra</strong></span> <span class='ocrx_word' id='word_1_248' title='bbox 948 2951 1067 3003; x_wconf 79' lang='lat' dir='ltr'>diximus</span> <span class='ocrx_word' id='word_1_249' title='bbox 1115 2949 1252 3006; x_wconf 80' lang='lat' dir='ltr'><strong>acclamat·</strong></span> 
     </span>
    </p>

    <p class='ocr_par' dir='ltr' id='par_1_4' title="bbox 154 3019 1292 3514">
     <span class='ocr_line' id='line_1_29' title="bbox 176 3019 1254 3094; baseline -0.003 -19"><span class='ocrx_word' id='word_1_250' title='bbox 176 3020 303 3094; x_wconf 79' lang='lat' dir='ltr'>xxvn.)</span> <span class='ocrx_word' id='word_1_251' title='bbox 320 3019 467 3074; x_wconf 85' lang='lat' dir='ltr'><strong>Sciendum</strong></span> <span class='ocrx_word' id='word_1_252' title='bbox 483 3035 548 3072; x_wconf 81' lang='lat' dir='ltr'><strong>vero</strong></span> <span class='ocrx_word' id='word_1_253' title='bbox 567 3029 625 3084; x_wconf 87' lang='lat' dir='ltr'><strong>est,</strong></span> <span class='ocrx_word' id='word_1_254' title='bbox 656 3038 767 3091; x_wconf 86' lang='lat' dir='ltr'><strong>prorsus</strong></span> <span class='ocrx_word' id='word_1_255' title='bbox 783 3019 817 3073; x_wconf 89' lang='lat' dir='ltr'><strong>ad</strong></span> <span class='ocrx_word' id='word_1_256' title='bbox 838 3021 920 3073; x_wconf 85' lang='lat' dir='ltr'><strong>huius</strong></span> <span class='ocrx_word' id='word_1_257' title='bbox 937 3021 1119 3090; x_wconf 87' lang='lat' dir='ltr'><strong>processionis</strong></span> <span class='ocrx_word' id='word_1_258' title='bbox 1137 3022 1254 3074; x_wconf 87' lang='lat' dir='ltr'><strong>sormam</strong></span> 
     </span>
     <span class='ocr_line' id='line_1_30' title="bbox 156 3089 1255 3164; baseline -0.002 -18"><span class='ocrx_word' id='word_1_259' title='bbox 156 3100 190 3146; x_wconf 88' lang='lat' dir='ltr'><strong>et</strong></span> <span class='ocrx_word' id='word_1_260' title='bbox 208 3109 285 3154; x_wconf 87' lang='lat' dir='ltr'><strong>eam,</strong></span> <span class='ocrx_word' id='word_1_261' title='bbox 317 3107 388 3164; x_wconf 84' lang='lat' dir='ltr'><strong>qnae</strong></span> <span class='ocrx_word' id='word_1_262' title='bbox 404 3089 451 3142; x_wconf 86' lang='lat' dir='ltr'><strong>die</strong></span> <span class='ocrx_word' id='word_1_263' title='bbox 468 3091 688 3160; x_wconf 67' lang='lat' dir='ltr'><strong>annuntistionis</strong></span> <span class='ocrx_word' id='word_1_264' title='bbox 705 3091 805 3144; x_wconf 82' lang='lat' dir='ltr'><strong>beatae</strong></span> <span class='ocrx_word' id='word_1_265' title='bbox 830 3093 943 3160; x_wconf 76' lang='lat' dir='ltr'><strong>virginis</strong></span> <span class='ocrx_word' id='word_1_266' title='bbox 968 3091 1141 3156; x_wconf 76' lang='lat' dir='ltr'><strong>instituitur,</strong></span> <span class='ocrx_word' id='word_1_267' title='bbox 1177 3093 1255 3144; x_wconf 88' lang='lat' dir='ltr'><strong>cele-</strong></span> 
     </span>
     <span class='ocr_line' id='line_1_31' title="bbox 155 3160 1253 3225; baseline -0.003 -9"><span class='ocrx_word' id='word_1_268' title='bbox 155 3163 242 3218; x_wconf 80' lang='lat' dir='ltr'><strong>brari</strong></span> <span class='ocrx_word' id='word_1_269' title='bbox 284 3162 359 3214; x_wconf 82' lang='lat' dir='ltr'><strong>Haeo</strong></span> <span class='ocrx_word' id='word_1_270' title='bbox 384 3162 458 3213; x_wconf 90' lang='lat' dir='ltr'><strong>enim</strong></span> <span class='ocrx_word' id='word_1_271' title='bbox 484 3163 508 3213; x_wconf 92' lang='lat' dir='ltr'><strong>si</strong></span> <span class='ocrx_word' id='word_1_272' title='bbox 534 3164 564 3214; x_wconf 92' lang='lat' dir='ltr'><strong>in</strong></span> <span class='ocrx_word' id='word_1_273' title='bbox 593 3161 737 3214; x_wconf 87' lang='lat' dir='ltr'><strong>sabbatum</strong></span> <span class='ocrx_word' id='word_1_274' title='bbox 767 3179 816 3216; x_wconf 89' lang='lat' dir='ltr'><strong>seu</strong></span> <span class='ocrx_word' id='word_1_275' title='bbox 843 3163 1011 3215; x_wconf 87' lang='lat' dir='ltr'><strong>dominicam</strong></span> <span class='ocrx_word' id='word_1_276' title='bbox 1038 3161 1111 3214; x_wconf 91' lang='lat' dir='ltr'><strong>diem</strong></span> <span class='ocrx_word' id='word_1_277' title='bbox 1139 3160 1253 3225; x_wconf 85' lang='lat' dir='ltr'><strong>incidat,</strong></span> 
     </span>
     <span class='ocr_line' id='line_1_32' title="bbox 156 3231 1252 3304; baseline -0.001 -19"><span class='ocrx_word' id='word_1_278' title='bbox 156 3234 294 3286; x_wconf 76' lang='lat' dir='ltr'><strong>factiones</strong></span> <span class='ocrx_word' id='word_1_279' title='bbox 310 3231 407 3304; x_wconf 88' lang='lat' dir='ltr'><strong>populi</strong></span> <span class='ocrx_word' id='word_1_280' title='bbox 427 3239 604 3295; x_wconf 82' lang='lat' dir='ltr'><strong>conveniunt,</strong></span> <span class='ocrx_word' id='word_1_281' title='bbox 623 3241 651 3285; x_wconf 89' lang='lat' dir='ltr'><strong>et</strong></span> <span class='ocrx_word' id='word_1_282' title='bbox 670 3249 770 3304; x_wconf 80' lang='lat' dir='ltr'><strong>organa</strong></span> <span class='ocrx_word' id='word_1_283' title='bbox 788 3235 819 3284; x_wconf 89' lang='lat' dir='ltr'><strong>in</strong></span> <span class='ocrx_word' id='word_1_284' title='bbox 836 3242 955 3304; x_wconf 84' lang='lat' dir='ltr'><strong>quatuor</strong></span> <span class='ocrx_word' id='word_1_285' title='bbox 973 3233 1031 3284; x_wconf 88' lang='lat' dir='ltr'><strong>iliis</strong></span> <span class='ocrx_word' id='word_1_286' title='bbox 1047 3233 1252 3302; x_wconf 85' lang='lat' dir='ltr'><strong>receptionibus</strong></span> 
     </span>
     <span class='ocr_line' id='line_1_33' title="bbox 154 3303 1292 3376; baseline 0 -22"><span class='ocrx_word' id='word_1_287' title='bbox 154 3303 323 3376; x_wconf 73' lang='lat' dir='ltr'><strong>pulsantur5</strong></span> <span class='ocrx_word' id='word_1_288' title='bbox 356 3303 399 3356; x_wconf 90' lang='lat' dir='ltr'><strong>sin</strong></span> <span class='ocrx_word' id='word_1_289' title='bbox 417 3304 447 3354; x_wconf 92' lang='lat' dir='ltr'><strong>in</strong></span> <span class='ocrx_word' id='word_1_290' title='bbox 465 3303 549 3354; x_wconf 84' lang='lat' dir='ltr'><strong>ulium</strong></span> <span class='ocrx_word' id='word_1_291' title='bbox 568 3303 655 3367; x_wconf 85' lang='lat' dir='ltr'><strong>diem,</strong></span> <span class='ocrx_word' id='word_1_292' title='bbox 686 3304 821 3356; x_wconf 81' lang='lat' dir='ltr'><strong>factiones</strong></span> <span class='ocrx_word' id='word_1_293' title='bbox 846 3321 894 3356; x_wconf 88' lang='lat' dir='ltr'><strong>scu</strong></span> <span class='ocrx_word' id='word_1_294' title='bbox 912 3304 1031 3374; x_wconf 86' lang='lat' dir='ltr'><strong>populus</strong></span> <span class='ocrx_word' id='word_1_295' title='bbox 1057 3305 1088 3356; x_wconf 89' lang='lat' dir='ltr'><strong>in</strong></span> <span class='ocrx_word' id='word_1_296' title='bbox 1106 3303 1188 3356; x_wconf 88' lang='lat' dir='ltr'><strong>dietis</strong></span> <span class='ocrx_word' id='word_1_297' title='bbox 1207 3320 1254 3354; x_wconf 86' lang='lat' dir='ltr'><strong>ur-</strong></span> <span class='ocrx_word' id='word_1_298' title='bbox 1290 3338 1292 3341; x_wconf 93' lang='lat'>-</span> 
     </span>
     <span class='ocr_line' id='line_1_34' title="bbox 155 3372 1254 3445; baseline -0.003 -18"><span class='ocrx_word' id='word_1_299' title='bbox 155 3375 237 3428; x_wconf 84' lang='lat' dir='ltr'><strong>dinis</strong></span> <span class='ocrx_word' id='word_1_300' title='bbox 255 3374 299 3426; x_wconf 87' lang='lat' dir='ltr'><strong>sui</strong></span> <span class='ocrx_word' id='word_1_301' title='bbox 316 3374 383 3426; x_wconf 88' lang='lat' dir='ltr'><strong>loeis</strong></span> <span class='ocrx_word' id='word_1_302' title='bbox 402 3372 517 3437; x_wconf 86' lang='lat' dir='ltr'><strong>adsunt,</strong></span> <span class='ocrx_word' id='word_1_303' title='bbox 550 3389 581 3425; x_wconf 87' lang='lat' dir='ltr'><strong>nc</strong></span> <span class='ocrx_word' id='word_1_304' title='bbox 600 3373 717 3427; x_wconf 87' lang='lat' dir='ltr'><strong>dominis</strong></span> <span class='ocrx_word' id='word_1_305' title='bbox 740 3392 803 3426; x_wconf 89' lang='lat' dir='ltr'><strong>oum</strong></span> <span class='ocrx_word' id='word_1_306' title='bbox 829 3391 931 3445; x_wconf 88' lang='lat' dir='ltr'><strong>pompa</strong></span> <span class='ocrx_word' id='word_1_307' title='bbox 956 3374 1065 3426; x_wconf 88' lang='lat' dir='ltr'><strong>solenni</strong></span> <span class='ocrx_word' id='word_1_308' title='bbox 1083 3374 1254 3426; x_wconf 82' lang='lat' dir='ltr'><strong>transeunti·</strong></span> 
     </span>
     <span class='ocr_line' id='line_1_35' title="bbox 156 3443 1267 3514; baseline -0.004 -16"><span class='ocrx_word' id='word_1_309' title='bbox 156 3445 213 3498; x_wconf 85' lang='lat' dir='ltr'><strong>bus</strong></span> <span class='ocrx_word' id='word_1_310' title='bbox 242 3443 330 3496; x_wconf 75' lang='lat' dir='ltr'><strong>frusta</strong></span> <span class='ocrx_word' id='word_1_311' title='bbox 357 3443 469 3514; x_wconf 88' lang='lat' dir='ltr'><strong>quidem</strong></span> <span class='ocrx_word' id='word_1_312' title='bbox 493 3445 523 3495; x_wconf 87' lang='lat' dir='ltr'><strong>in</strong></span> <span class='ocrx_word' id='word_1_313' title='bbox 552 3446 608 3496; x_wconf 86' lang='lat' dir='ltr'><strong>suis</strong></span> <span class='ocrx_word' id='word_1_314' title='bbox 631 3445 797 3498; x_wconf 82' lang='lat' dir='ltr'><strong>stationibus</strong></span> <span class='ocrx_word' id='word_1_315' title='bbox 821 3453 968 3514; x_wconf 76' lang='lat' dir='ltr'><strong>precantur</strong></span> <span class='ocrx_word' id='word_1_316' title='bbox 992 3453 1021 3496; x_wconf 92' lang='lat' dir='ltr'><strong>et</strong></span> <span class='ocrx_word' id='word_1_317' title='bbox 1051 3461 1131 3497; x_wconf 89' lang='lat' dir='ltr'><strong>eruce</strong></span> <span class='ocrx_word' id='word_1_318' title='bbox 1148 3461 1195 3496; x_wconf 89' lang='lat' dir='ltr'><strong>eos</strong></span> <span class='ocrx_word' id='word_1_319' title='bbox 1213 3445 1267 3495; x_wconf 86' lang='lat' dir='ltr'><strong>si-·</strong></span> 
     </span>
    </p>

    <p class='ocr_par' dir='ltr' id='par_1_5' title="bbox 156 3513 1266 4226">
     <span class='ocr_line' id='line_1_36' title="bbox 197 3513 1254 3579; baseline -0.001 -13"><span class='ocrx_word' id='word_1_320' title='bbox 197 3522 261 3577; x_wconf 87' lang='lat' dir='ltr'><strong>unt,</strong></span> <span class='ocrx_word' id='word_1_321' title='bbox 290 3514 339 3566; x_wconf 87' lang='lat' dir='ltr'><strong>sed</strong></span> <span class='ocrx_word' id='word_1_322' title='bbox 357 3514 566 3567; x_wconf 79' lang='lat' dir='ltr'><strong>acclamationes</strong></span> <span class='ocrx_word' id='word_1_323' title='bbox 584 3517 722 3568; x_wconf 87' lang='lat' dir='ltr'><strong>omittunt.</strong></span> <span class='ocrx_word' id='word_1_324' title='bbox 768 3517 849 3567; x_wconf 88' lang='lat' dir='ltr'><strong>Porro</strong></span> <span class='ocrx_word' id='word_1_325' title='bbox 867 3513 1007 3567; x_wconf 85' lang='lat' dir='ltr'><strong>sciendum</strong></span> <span class='ocrx_word' id='word_1_326' title='bbox 1026 3525 1086 3579; x_wconf 89' lang='lat' dir='ltr'><strong>est,</strong></span> <span class='ocrx_word' id='word_1_327' title='bbox 1104 3513 1254 3568; x_wconf 85' lang='lat' dir='ltr'><strong>secundum</strong></span> 
     </span>
     <span class='ocr_line' id='line_1_37' title="bbox 156 3533 1254 3656; baseline -0.002 -19"><span class='ocrx_word' id='word_1_328' title='bbox 156 3533 245 3637; x_wconf 47' lang='grc' dir='ltr'><strong><em>Εἰδυῖαν</em></strong></span> <span class='ocrx_word' id='word_1_329' title='bbox 269 3584 450 3653; x_wconf 70' lang='lat' dir='ltr'><strong>processionis</strong></span> <span class='ocrx_word' id='word_1_330' title='bbox 479 3585 563 3636; x_wconf 87' lang='lat' dir='ltr'><strong>ritum</strong></span> <span class='ocrx_word' id='word_1_331' title='bbox 593 3595 622 3639; x_wconf 90' lang='lat' dir='ltr'><strong>et</strong></span> <span class='ocrx_word' id='word_1_332' title='bbox 643 3587 729 3638; x_wconf 82' lang='lat' dir='ltr'><strong>sancti</strong></span> <span class='ocrx_word' id='word_1_333' title='bbox 752 3587 898 3656; x_wconf 80' lang='lat' dir='ltr'><strong>magnique</strong></span> <span class='ocrx_word' id='word_1_334' title='bbox 921 3585 1029 3638; x_wconf 83' lang='lat' dir='ltr'><strong>rabbuti</strong></span> <span class='ocrx_word' id='word_1_335' title='bbox 1053 3587 1254 3656; x_wconf 64' lang='lat' dir='ltr'><strong>processionem</strong></span> 
     </span>
     <span class='ocr_line' id='line_1_38' title="bbox 158 3655 1254 3728; baseline 0.001 -22"><span class='ocrx_word' id='word_1_336' title='bbox 158 3657 281 3707; x_wconf 83' lang='lat' dir='ltr'><strong>institui.</strong></span> <span class='ocrx_word' id='word_1_337' title='bbox 332 3655 446 3708; x_wconf 84' lang='lat' dir='ltr'><strong>Domini</strong></span> <span class='ocrx_word' id='word_1_338' title='bbox 470 3657 544 3706; x_wconf 88' lang='lat' dir='ltr'><strong>euim</strong></span> <span class='ocrx_word' id='word_1_339' title='bbox 570 3665 675 3718; x_wconf 78' lang='lat' dir='ltr'><strong>vestes,</strong></span> <span class='ocrx_word' id='word_1_340' title='bbox 697 3673 765 3728; x_wconf 79' lang='lat' dir='ltr'><strong>quus</strong></span> <span class='ocrx_word' id='word_1_341' title='bbox 786 3674 902 3726; x_wconf 79' lang='lat' dir='ltr'><strong>paganas</strong></span> <span class='ocrx_word' id='word_1_342' title='bbox 926 3657 1042 3720; x_wconf 85' lang='lat' dir='ltr'><strong>dieunt,</strong></span> <span class='ocrx_word' id='word_1_343' title='bbox 1071 3659 1101 3708; x_wconf 91' lang='lat' dir='ltr'><strong>iu</strong></span> <span class='ocrx_word' id='word_1_344' title='bbox 1124 3657 1254 3709; x_wconf 90' lang='lat' dir='ltr'><strong>cubiculo</strong></span> 
     </span>
     <span class='ocr_line' id='line_1_39' title="bbox 157 3725 1253 3798; baseline 0 -20"><span class='ocrx_word' id='word_1_345' title='bbox 157 3725 293 3794; x_wconf 77' lang='lat' dir='ltr'><strong>Daphnes</strong></span> <span class='ocrx_word' id='word_1_346' title='bbox 313 3734 430 3790; x_wconf 85' lang='lat' dir='ltr'><strong>mutant,</strong></span> <span class='ocrx_word' id='word_1_347' title='bbox 451 3733 479 3777; x_wconf 91' lang='lat' dir='ltr'><strong>et</strong></span> <span class='ocrx_word' id='word_1_348' title='bbox 495 3727 525 3776; x_wconf 88' lang='lat' dir='ltr'><strong>in</strong></span> <span class='ocrx_word' id='word_1_349' title='bbox 544 3728 716 3796; x_wconf 79' lang='lat' dir='ltr'><strong>oetsoguium</strong></span> <span class='ocrx_word' id='word_1_350' title='bbox 735 3728 908 3790; x_wconf 80' lang='lat' dir='ltr'><strong>cubiculum,</strong></span> <span class='ocrx_word' id='word_1_351' title='bbox 927 3727 976 3779; x_wconf 90' lang='lat' dir='ltr'><strong>ubi</strong></span> <span class='ocrx_word' id='word_1_352' title='bbox 995 3743 1113 3798; x_wconf 75' lang='lat' dir='ltr'><strong>paganas</strong></span> <span class='ocrx_word' id='word_1_353' title='bbox 1132 3728 1253 3794; x_wconf 81' lang='lat' dir='ltr'><strong>chlamy-</strong></span> 
     </span>
     <span class='ocr_line' id='line_1_40' title="bbox 159 3795 1254 3868; baseline 0.002 -21"><span class='ocrx_word' id='word_1_354' title='bbox 159 3795 211 3848; x_wconf 86' lang='lat' dir='ltr'><strong>des</strong></span> <span class='ocrx_word' id='word_1_355' title='bbox 230 3804 350 3858; x_wconf 83' lang='lat' dir='ltr'><strong>exuuut,</strong></span> <span class='ocrx_word' id='word_1_356' title='bbox 382 3813 413 3848; x_wconf 87' lang='lat' dir='ltr'><strong>se</strong></span> <span class='ocrx_word' id='word_1_357' title='bbox 439 3797 578 3866; x_wconf 89' lang='lat' dir='ltr'><strong>rccipiunt</strong></span> <span class='ocrx_word' id='word_1_358' title='bbox 602 3813 705 3868; x_wconf 81' lang='lat' dir='ltr'><strong>perque</strong></span> <span class='ocrx_word' id='word_1_359' title='bbox 726 3801 866 3868; x_wconf 78' lang='lat' dir='ltr'><strong>augustale</strong></span> <span class='ocrx_word' id='word_1_360' title='bbox 883 3798 1068 3868; x_wconf 76' lang='lat' dir='ltr'><strong>egrediuntur.</strong></span> <span class='ocrx_word' id='word_1_361' title='bbox 1105 3799 1179 3850; x_wconf 84' lang='lat' dir='ltr'><strong>Intra</strong></span> <span class='ocrx_word' id='word_1_362' title='bbox 1195 3815 1254 3849; x_wconf 84' lang='lat' dir='ltr'><strong>ms·</strong></span> 
     </span>
     <span class='ocr_line' id='line_1_41' title="bbox 159 3867 1252 3938; baseline 0.003 -21"><span class='ocrx_word' id='word_1_363' title='bbox 159 3883 243 3936; x_wconf 74' lang='lat' dir='ltr'><strong>guam</strong></span> <span class='ocrx_word' id='word_1_364' title='bbox 260 3875 368 3937; x_wconf 79' lang='lat' dir='ltr'><strong>portam</strong></span> <span class='ocrx_word' id='word_1_365' title='bbox 389 3867 448 3919; x_wconf 87' lang='lat' dir='ltr'><strong>eius</strong></span> <span class='ocrx_word' id='word_1_366' title='bbox 466 3867 661 3931; x_wconf 77' lang='lat' dir='ltr'><strong>cubicularius,</strong></span> <span class='ocrx_word' id='word_1_367' title='bbox 680 3871 867 3922; x_wconf 83' lang='lat' dir='ltr'><strong>centenarium</strong></span> <span class='ocrx_word' id='word_1_368' title='bbox 884 3869 1006 3923; x_wconf 85' lang='lat' dir='ltr'><strong>humeris</strong></span> <span class='ocrx_word' id='word_1_369' title='bbox 1023 3876 1144 3938; x_wconf 82' lang='lat' dir='ltr'><strong>portans,</strong></span> <span class='ocrx_word' id='word_1_370' title='bbox 1165 3868 1252 3931; x_wconf 78' lang='lat' dir='ltr'><strong>adest,</strong></span> 
     </span>
     <span class='ocr_line' id='line_1_42' title="bbox 158 3937 1266 4008; baseline 0 -19"><span class='ocrx_word' id='word_1_371' title='bbox 158 3945 191 3989; x_wconf 84' lang='lat' dir='ltr'><strong>et</strong></span> <span class='ocrx_word' id='word_1_372' title='bbox 205 3955 222 3989; x_wconf 86' lang='lat' dir='ltr'><strong>a</strong></span> <span class='ocrx_word' id='word_1_373' title='bbox 240 3945 316 4007; x_wconf 78' lang='lat' dir='ltr'><strong>tergo</strong></span> <span class='ocrx_word' id='word_1_374' title='bbox 334 3939 460 4008; x_wconf 78' lang='lat' dir='ltr'><strong>proxime</strong></span> <span class='ocrx_word' id='word_1_375' title='bbox 486 3937 521 3990; x_wconf 83' lang='lat' dir='ltr'><strong>nd</strong></span> <span class='ocrx_word' id='word_1_376' title='bbox 546 3939 679 3992; x_wconf 87' lang='lat' dir='ltr'><strong>Dominus</strong></span> <span class='ocrx_word' id='word_1_377' title='bbox 705 3940 820 3993; x_wconf 86' lang='lat' dir='ltr'><strong>aceedit.</strong></span> <span class='ocrx_word' id='word_1_378' title='bbox 861 3940 1028 3993; x_wconf 77' lang='lat' dir='ltr'><strong>solennibus</strong></span> <span class='ocrx_word' id='word_1_379' title='bbox 1058 3948 1158 3992; x_wconf 86' lang='lat' dir='ltr'><strong>autem·</strong></span> <span class='ocrx_word' id='word_1_380' title='bbox 1175 3945 1266 3990; x_wconf 87' lang='lat' dir='ltr'><strong>recc-&#39;</strong></span> 
     </span>
     <span class='ocr_line' id='line_1_43' title="bbox 156 4007 1253 4082; baseline -0.001 -22"><span class='ocrx_word' id='word_1_381' title='bbox 156 4007 304 4079; x_wconf 81' lang='lat' dir='ltr'><strong>ptionibus</strong></span> <span class='ocrx_word' id='word_1_382' title='bbox 321 4009 403 4078; x_wconf 82' lang='lat' dir='ltr'><strong>piane</strong></span> <span class='ocrx_word' id='word_1_383' title='bbox 421 4015 453 4060; x_wconf 92' lang='lat' dir='ltr'><strong>ut</strong></span> <span class='ocrx_word' id='word_1_384' title='bbox 479 4009 600 4062; x_wconf 78' lang='lat' dir='ltr'><strong>infesto</strong></span> <span class='ocrx_word' id='word_1_385' title='bbox 637 4012 857 4064; x_wconf 81' lang='lat' dir='ltr'><strong>annuntiationis</strong></span> <span class='ocrx_word' id='word_1_386' title='bbox 878 4012 1009 4082; x_wconf 79' lang='lat' dir='ltr'><strong>percotis,</strong></span> <span class='ocrx_word' id='word_1_387' title='bbox 1031 4011 1133 4064; x_wconf 84' lang='lat' dir='ltr'><strong>notarii</strong></span> <span class='ocrx_word' id='word_1_388' title='bbox 1152 4010 1253 4061; x_wconf 83' lang='lat' dir='ltr'><strong>sactio-</strong></span> 
     </span>
     <span class='ocr_line' id='line_1_44' title="bbox 158 4079 1254 4152; baseline 0.001 -22"><span class='ocrx_word' id='word_1_389' title='bbox 158 4095 229 4132; x_wconf 85' lang='lat' dir='ltr'><strong>num</strong></span> <span class='ocrx_word' id='word_1_390' title='bbox 249 4085 279 4131; x_wconf 87' lang='lat' dir='ltr'><strong>et</strong></span> <span class='ocrx_word' id='word_1_391' title='bbox 295 4079 418 4148; x_wconf 73' lang='lat' dir='ltr'><strong>magistri</strong></span> <span class='ocrx_word' id='word_1_392' title='bbox 436 4079 503 4132; x_wconf 85' lang='lat' dir='ltr'><strong>locis</strong></span> <span class='ocrx_word' id='word_1_393' title='bbox 526 4079 582 4131; x_wconf 90' lang='lat' dir='ltr'><strong>suis</strong></span> <span class='ocrx_word' id='word_1_394' title='bbox 609 4079 640 4133; x_wconf 85' lang='lat' dir='ltr'><strong>ut</strong></span> <span class='ocrx_word' id='word_1_395' title='bbox 666 4097 747 4152; x_wconf 88' lang='lat' dir='ltr'><strong>supra</strong></span> <span class='ocrx_word' id='word_1_396' title='bbox 773 4081 891 4134; x_wconf 86' lang='lat' dir='ltr'><strong>diximus</strong></span> <span class='ocrx_word' id='word_1_397' title='bbox 920 4081 1027 4133; x_wconf 80' lang='lat' dir='ltr'><strong>iambos</strong></span> <span class='ocrx_word' id='word_1_398' title='bbox 1055 4082 1187 4140; x_wconf 81' lang='lat' dir='ltr'><strong>recitant,</strong></span> <span class='ocrx_word' id='word_1_399' title='bbox 1224 4083 1254 4131; x_wconf 84' lang='lat' dir='ltr'><strong>et</strong></span> 
     </span>
     <span class='ocr_line' id='line_1_45' title="bbox 159 4149 1256 4226; baseline -0.004 -23"><span class='ocrx_word' id='word_1_400' title='bbox 159 4149 292 4204; x_wconf 82' lang='lat' dir='ltr'><strong>Dominis</strong></span> <span class='ocrx_word' id='word_1_401' title='bbox 310 4165 361 4218; x_wconf 90' lang='lat' dir='ltr'><strong>per</strong></span> <span class='ocrx_word' id='word_1_402' title='bbox 380 4157 634 4220; x_wconf 79' lang='lat' dir='ltr'><strong>sanctumpntcum</strong></span> <span class='ocrx_word' id='word_1_403' title='bbox 658 4160 687 4204; x_wconf 91' lang='lat' dir='ltr'><strong>et</strong></span> <span class='ocrx_word' id='word_1_404' title='bbox 712 4152 791 4205; x_wconf 82' lang='lat' dir='ltr'><strong>hema</strong></span> <span class='ocrx_word' id='word_1_405' title='bbox 822 4161 854 4204; x_wconf 87' lang='lat' dir='ltr'><strong>ut</strong></span> <span class='ocrx_word' id='word_1_406' title='bbox 870 4152 989 4204; x_wconf 84' lang='lat' dir='ltr'><strong>diximus</strong></span> <span class='ocrx_word' id='word_1_407' title='bbox 1023 4150 1203 4215; x_wconf 82' lang='lat' dir='ltr'><strong>intrantibus,</strong></span> <span class='ocrx_word' id='word_1_408' title='bbox 1221 4163 1256 4226; x_wconf 79' lang='lat' dir='ltr'><strong>se</strong></span> 
     </span>
    </p>
   </div>
   <div class='ocr_carea' id='block_1_4' title="bbox 195 4233 1052 4306">
    <p class='ocr_par' dir='ltr' id='par_1_6' title="bbox 195 4233 1052 4306">
     <span class='ocr_line' id='line_1_46' title="bbox 195 4233 1052 4306; baseline 0.001 -18"><span class='ocrx_word' id='word_1_409' title='bbox 195 4233 399 4289; x_wconf 75' lang='lat' dir='ltr'><strong>Constantinus</strong></span> <span class='ocrx_word' id='word_1_410' title='bbox 414 4233 548 4306; x_wconf 73' lang='lat' dir='ltr'><strong>Porphyr.</strong></span> <span class='ocrx_word' id='word_1_411' title='bbox 578 4238 635 4291; x_wconf 77' lang='lat' dir='ltr'><strong>Vct</strong></span> <span class='ocrx_word' id='word_1_412' title='bbox 653 4238 675 4290; x_wconf 90' lang='lat'><strong>1.</strong></span> <span class='ocrx_word' id='word_1_413' title='bbox 1037 4240 1052 4289; x_wconf 83' lang='lat'>3</span> 
     </span>
    </p>
   </div>
   <div class='ocr_carea' id='block_1_5' title="bbox 0 0 1533 4825">
    <p class='ocr_par' dir='ltr' id='par_1_7' title="bbox 0 0 1533 4825">
     <span class='ocr_line' id='line_1_47' title="bbox 0 0 1533 4825; baseline 0 0"><span class='ocrx_word' id='word_1_414' title='bbox 0 0 1533 4825; x_wconf 95' lang='lat' dir='ltr'><strong> </strong></span> 
     </span>
    </p>
   </div>
  </div>
 </body>
</html>
