3042 4825
27 265 31 310 ι
525 232 841 297 PRAEFATtONEs.
1178 240 1254 304 m

26 349 30 438 l
131 382 169 443 a
193 392 339 466 nmque
357 380 510 446 involucri
535 385 641 447 rasura
671 388 802 469 asignia
828 386 914 470 regni
940 388 1108 472 Hungsrtei
1137 402 1168 453 a
1189 393 1263 453 1³0.¹

22 445 26 509 l
129 478 260 543 bemici
288 486 530 566 conspiciuntur.
585 486 698 547 Adbuc
731 485 810 549 alius
844 487 976 570 denique
1004 489 1113 551 titrrlus
1140 493 1250 554 ordine

129 592 324 665 temporum
347 588 477 667 primus,
500 597 545 647 est
567 585 618 647 bic
638 588 786 661 Graecus,
808 586 935 668 abipso
956 588 1169 671 Constantino,
1180 603 1257 670 aut,

128 684 156 743 si
180 686 266 765 quis
283 684 382 765 malit,
405 706 423 747 a
438 684 570 747 librario
585 684 758 768 profectus,¹
777 683 952 764 Σύνταγμά
962 707 997 747 τι
1013 687 1069 747 xci
1082 688 1249 765 βασιλιίου
1325 672 1329 686 ’

128 780 294 863 σπονδῆς
320 772 417 855 ὅπως
453 772 541 859 ἄξιοι
568 782 716 865 ποίημα,
748 785 956 859 compilatum
986 798 1041 847 aut
1066 802 1247 867 congestum

127 900 241 963 opus,
265 902 343 943 vere
361 880 492 964 dignum
512 886 608 965 regiis
632 886 729 945 curis.
770 884 949 966 Utrumque
969 885 1094 967 quidem
1112 908 1186 947 vere
1201 898 1247 949 ao

13 1045 15 1063 ,
127 1000 198 1061 que
221 992 324 1043 recte.
367 982 600 1065 Comportatum
630 987 711 1045 enirn
742 994 789 1059 est
820 1006 838 1044 e
866 986 960 1045 variis
986 974 1183 1065 auctoribus,
1216 998 1248 1048 et

13 1087 14 1098 ¹
129 1078 302 1163 digestmn
326 1102 363 1143 eo
382 1083 486 1161 modo,
506 1104 568 1165 quo
586 1082 703 1166 lapides
726 1087 758 1143 in
779 1104 902 1144 acervo.
944 1084 1019 1145 Fuit
1040 1106 1163 1168 quoque
1181 1087 1247 1169 By·
1319 1116 1323 1124 ⁴

129 1183 343 1255 rantinorum
365 1204 472 1265 regum
492 1204 555 1243 aon
576 1185 703 1245 minima
723 1204 816 1262 cura,
847 1204 992 1265 pompam
1015 1195 1046 1245 et
1066 1187 1247 1247 cerimonias

11 1288 12 1307 ¹
128 1278 234 1343 aulae
257 1302 331 1342 suae
350 1281 390 1343 ad
410 1282 541 1345 formam
566 1283 625 1344 boc
650 1283 730 1345 libro
750 1283 896 1344 traditam
926 1283 1139 1365 conformare3
1161 1286 1244 1368 quod

128 1398 168 1439 ex
197 1380 401 1443 Lurrrasnnr
422 1382 549 1473 historia
567 1394 661 1465 patet.
712 1384 743 1445 Is
767 1387 860 1462 enirn,
880 1383 1003 1467 praesul
1021 1386 1160 1459 Latinus,
1180 1406 1244 1446 non

10 1506 12 1537 ι
129 1482 328 1561 exiguos-ura
352 1484 534 1564 spirituum,
564 1504 660 1566 quum
693 1483 834 1563 videret,
856 1483 982 1545 clericos
1007 1484 1091 1567 apud
1113 1486 1248 1546 Graecos

129 1575 231 1640 laicis
253 1600 316 1641 non
337 1580 495 1663 praeferri,
516 1582 637 1667 sibique
658 1581 760 1643 locum
781 1587 813 1643 in
835 1582 933 1665 epulis
953 1583 1162 1666 imperialibus
1182 1604 1246 1644 non

132 1686 268 1739 tantum
295 1679 375 1739 infra
403 1679 582 1761 Graeculos,
605 1694 641 1743 ut
660 1680 807 1766 appellat,
828 1684 984 1766 patricios,
1006 1680 1060 1742 sed
1083 1683 1175 1741 etiarn
1197 1684 1246 1741 in-

131 1776 184 1839 fra
210 1782 298 1863 ipsos
318 1780 465 1865 Bulgaros
483 1786 650 1866 assignari3
673 1782 715 1862 (id
737 1793 840 1843 autem
861 1803 897 1845 er
917 1781 1009 1843 buius
1029 1781 1101 1843 libri
1125 1781 1247 1859 edicto,

133 1898 246 1961 neque
270 1878 377 1959 aliter,
402 1881 467 1943 fieri
490 1882 657 1960 debebat3)
677 1890 797 1943 tantam
826 1881 988 1943 exardebat
1017 1884 1050 1941 in
1081 1883 1160 1942 iram
1197 1890 1246 1941 at·

134 1998 203 2059 qne
224 1976 489 2061 indignationem,
517 1993 553 2042 ut
581 2001 645 2042 non
668 1979 769 2041 solum
801 1979 841 2041 dc
868 2002 955 2041 sacra
981 1998 1087 2041 mensa
1116 2000 1246 2062 surgms

135 2076 255 2155 abiret,
276 2078 331 2142 sed
351 2080 442 2141 etiam
462 2083 496 2141 in
516 2078 634 2159 libello,
654 2100 717 2163 quo
741 2079 1243 2157 adhemm,0tt0nemt.,1m-

10 2163 12 2173 ’
135 2188 320 2258 peratorem
348 2176 551 2260 Saxonicum,
582 2200 655 2241 suae
678 2177 837 2261 legationis
863 2200 1020 2240 successus
1044 2181 1242 2260 perscripsit,

136 2273 355 2359 Nicephorum
385 2276 523 2339 Phocum
547 2288 705 2361 totamque
734 2279 895 2339 Graeciam
920 2276 1074 2339 coloribus
1094 2276 1240 2338 invidiam
1250 2286 1386 2342 Bdbvll

139 2376 298 2438 cientibus
324 2375 506 2460 denigraret.
559 2376 655 2440 Recte
681 2378 774 2463 igitur
799 2386 923 2437 eatenus
953 2375 1079 2459 quidem
1104 2377 1246 2458 congruit

141 2477 283 2539 Graecus
306 2479 359 2540 ille
378 2477 486 2540 titulus
507 2475 579 2540 huic
592 2479 687 2558 operi.
729 2477 774 2537 At
788 2497 826 2538 eo
844 2477 954 2536 merito
970 2473 1141 2558 displiceat,
1160 2475 1245 2558 qnod

141 2588 362 2660 argumentum
386 2577 460 2642 libri
479 2579 547 2656 sui,
568 2576 660 2660 quale
678 2577 737 2656 sit,
758 2597 823 2637 non
845 2575 926 2636 edat.
966 2573 1039 2634 Non
1062 2585 1165 2638 tamen
1186 2573 1244 2634 ab·

141 2675 225 2739 ludit
246 2677 287 2738 ab
309 2679 433 2761 ingenio
457 2677 588 2740 istorum
611 2687 784 2758 temporum
794 2698 818 2753 ,·
835 2685 866 2736 et
887 2675 1018 2734 maxime
1038 2674 1136 2734 nostri
1159 2670 1243 2732 Con-

140 2779 290 2856 stantini,
310 2780 363 2860 qui
384 2799 502 2839 morem
523 2775 646 2838 videtur·
658 2796 786 2851 amasse,
803 2773 890 2834 libris
919 2774 981 2834 suis
1004 2769 1186 2854 ignorabilia
1211 2779 1244 2832 et

140 2881 312 2961 incongrua
336 2880 461 2939 nomina
480 2876 670 2959 imponendi.
703 2874 877 2936 Praestanti
889 2871 946 2948 illi,
968 2892 1060 2953 quarn
1075 2891 1168 2952 supra
1180 2867 1242 2930 lau·

141 2977 229 3054 davi,
251 2975 436 3054 collectioni,
452 2987 506 3038 aut
521 2975 740 3050 Bibliothecae,
756 2971 807 3033 vel
821 2969 1130 3046 Pentecontateucbo,
1147 2968 1240 3051 quod·

141 3099 217 3140 nam
240 3099 354 3161 quaeso
379 3088 500 3159 poterat
523 3075 648 3138 inscribi
671 3093 784 3134 nomen
804 3074 955 3154 ineptius,
978 3092 1071 3153 qnam
1093 3070 1177 3152 quod
1199 3069 1241 3130 ab

141 3189 270 3258 auctore
291 3179 474 3261 inscriptum
498 3177 569 3254 fuit,
591 3169 823 3258 κεφαλαιώδεις
839 3167 1021 3242 ὑποθέσεις.
1062 3170 1154 3248 Quod
1174 3171 1242 3232 sive

139 3277 259 3342 brevia
280 3289 483 3358 argumenta,
506 3278 571 3338 sive
585 3287 777 3352 argumenta
795 3273 830 3332 in
849 3283 952 3332 certos
972 3269 1082 3332 titulos
1099 3267 1239 3350 digesta,

138 3379 350 3460 interpreteris
374 3399 436 3438 non
459 3379 554 3460 magis
579 3395 614 3436 ex
642 3395 679 3434 eo
698 3372 870 3454 intelligas,
897 3373 957 3432 nisi
983 3368 1106 3430 aliunde
1131 3371 1238 3447 noris,

140 3477 234 3562 quale
256 3477 348 3540 luerit
371 3475 557 3538 collectionis
581 3485 795 3557 argumentum
819 3482 851 3532 et
873 3470 961 3548 linis,
987 3489 1080 3551 quam
1099 3465 1178 3528 alius
1198 3467 1238 3528 li-

140 3577 210 3658 bri,
242 3579 292 3638 cui
323 3587 429 3639 auctor
456 3573 581 3637 titulum
613 3571 870 3636 Adversariorum
899 3581 953 3630 sut
974 3567 1237 3630 collectaneorum
1336 3639 1340 3646 Ι

141 3678 308 3762 praefigere
328 3675 469 3739 voluerit.
509 3673 622 3736 Similis
644 3685 690 3734 est
714 3671 791 3734 alter
810 3670 863 3732 ille
890 3665 1018 3746 titulus,
1040 3687 1133 3750 quem
1155 3667 1238 3726 Con·

140 3780 293 3844 nantinus
309 3778 394 3858 operi
415 3795 492 3854 suo,
512 3774 596 3858 quod
621 3795 640 3834 a
661 3773 750 3834 nobis
778 3769 819 3831 de
844 3763 1108 3831 administrando
1136 3766 1238 3847 impe·

140 3875 192 3936 rio
213 3876 302 3936 citari
324 3873 417 3950 solet,
439 3874 478 3934 ad
500 3875 672 3948 Romanurn
699 3871 796 3930 filium
817 3871 950 3952 scripto,
971 3867 1165 3949 praeposuit,
1180 3881 1238 3945 ‹pt-

142 3968 307 4054 λοπόιημιι
322 3974 527 4036 exercitatio.
570 3971 643 4033 Vid.
669 3971 808 4032 Bssnua.
823 3972 910 4040 initio
932 3977 1075 4030 notarum
1089 3963 1130 4028 ad
1142 3966 1237 4028 num

146 4074 259 4142 libain
272 4120 283 4158 ,
307 4073 392 4142 Tum.
415 4075 462 4140 11.
484 4071 613 4158 Anu'qu.
639 4075 721 4156 Imp.
747 4070 868 4138 Oriens.
