3042 4825
347 286 403 352 oa
431 266 629 355 sturnos.
656 281 794 352 Amas
823 281 993 351 sumus.
1019 291 1045 352 ι.
1067 291 1121 365 8⁹.
1190 259 1276 377 '407

178 402 471 528 npoerousooiq'sos
492 436 613 516 αδτοδς
633 436 689 510 διά
708 437 772 508 τάν
792 431 993 530 δρμηνευτάν
1013 440 1049 512 δν
1069 440 1116 530 τῷ
1138 432 1277 509 sirim»

178 539 358 627 σιστοορίῳ,
392 540 450 604 καί
476 538 694 624 βαστάζοντας
725 536 850 617 πάντας
884 541 1002 628 ἐλθεῖν.
1040 540 1099 605 καί
1123 538 1424 616 ositoioiltts,160.s

178 637 295 713 πάντες
324 638 371 715 εἰς
396 633 455 703 τάν
487 635 620 724 άντικρά
647 640 705 725 τῆς
732 641 845 725 σέλλης
865 646 974 725 τοῖχον
999 632 1061 719 ἔξω
1090 638 1150 703 soti
1169 637 1301 723 βήλουι)

180 736 344 819 ἵστανται,
379 734 437 801 καί
471 738 683 826 ἐπαιρομένου
711 740 770 803 τοί
799 736 919 824 βάλον,
947 737 1115 826 ῥίπτουσιν
1139 735 1279 815 ἓαυτοάς

160 835 237 901 tsut
260 837 319 901 rosi
347 832 507 924 ἐδάφους,
539 839 596 902 καί
623 832 719 903 πάλιν
748 839 947 925 εἰσέρχονται
973 832 1032 922 τὴν
1061 835 1188 923 tipus,
1222 839 1281 902 καί

156 969 160 978 ·
181 932 349 1019 ῥίπτουσιν
371 931 528 1017 ἓαυτοάς,
556 937 611 1001 καί
632 935 737 1020 τρίτον
756 938 850 1001 τοῦτο
870 936 1025 1004 ποιοῦσιν.
1064 937 1121 1001 καί
1137 931 1206 1001 τότε
1226 935 1280 1000 δέ·

177 1052 294 1112 χονται
320 1029 352 1098 oi
379 1033 586 1120 σιλεντιάριοι
610 1029 714 1101 πάντα
732 1033 772 1101 τά
794 1037 907 1122 δῶρα,
938 1036 996 1101 καί
1017 1035 1162 1101 κίνδυνον
1185 1030 1280 1118 ἔχου-ι

179 1151 232 1195 σιν
249 1140 437 1217 καταγαγεῖν
461 1131 542 1199 uiui
568 1132 651 1198 κατά
671 1130 728 1219 τήν
747 1137 864 1220 γνῶσιν
884 1136 943 1201 τοῦ
962 1132 1138 1220 μαγίσιροο
1158 1134 1204 1210 εἰς
1222 1130 1280 1219 τὴν

179 1226 398 1319 βεστοσάκραν
428 1235 485 1298 καί
515 1235 736 1318 παραδοῦναι,
774 1232 831 1299 καί
858 1236 981 1319 γίνεται
1002 1234 1110 1297 ου’τοδν
1131 1227 1281 1316 διατίμη-

143 1351 252 1410 ιοσις,
277 1333 333 1394 καί
351 1332 406 1396 δεῖ
419 1328 495 1407 τούς
516 1330 792 1419 βεστοσακράνους
809 1330 865 1420 siv
885 1327 1068 1418 διατίμησιν
1087 1332 1149 1397 τάν
1169 1326 1280 1416 διάραν

178 1426 300 1503 εὐθέως
326 1421 457 1513 άγαγεῖν
473 1430 518 1518 τῷ
538 1432 718 1521 μαγιστριρ,
742 1425 826 1497 ὥστε
854 1432 974 1517 είδέναι
998 1427 1117 1514 αάτδν,
1139 1427 1176 1495 τί
1193 1432 1281 1497 ε’στιν

178 1522 215 1590 τά
238 1530 468 1614 προσενεχθὲν,
489 1528 547 1593 καί
564 1530 599 1595 έν
617 1532 720 1619 καιρῷ
740 1524 926 1616 α’ντιδάρων
943 1528 1125 1615 ὑπομνῆσαι
1146 1526 1203 1593 τάν
1221 1532 1284 1612 βα-

179 1627 288 1712 σιλέα,
310 1624 349 1691 τί
362 1622 429 1713 χρὴ
450 1624 551 1693 osiris
571 1628 772 1712 άντιπέμψαι
803 1624 857 1693 διά
878 1629 969 1710 ἰδίων
986 1627 1196 1715 πρεσβευτῶν.
1216 1628 1282 1691 τῶν

181 1721 295 1809 δοάροον
329 1716 388 1789 siv
418 1730 704 1812 προσενεχθέντων,
727 1729 813 1812 λέγει
848 1724 1040 1811 άβασιλεδς
1069 1728 1115 1816 τῷ
1141 1726 1428 1813 πρέσβῃ·Ει1.1..υ37

143 1816 382 1909 ι5,,άνάκτησαι
402 1820 523 1889 σαυτάν
543 1818 652 1912 ὀλίγας
675 1824 817 1912 ἡμέρας,
837 1827 895 1890 καί
913 1822 946 1889 εἴ
962 1850 996 1889 τι
1010 1821 1124 1908 ἔχομεν
1135 1826 1283 1907 λαλῆσαι,

180 1924 366 2007 λαλοῦμεν,
398 1922 455 1987 καί
471 1920 555 2005 μετά
576 1925 675 1988 καλοῦ
704 1919 889 2008 οἷπολάομέν
915 1941 952 1989 σε
972 1919 1053 2010 πράς
1072 1918 1126 1987 τὸν
1146 1920 1284 2009 diripis

180 2016 306 2104 ἡμῶν.”
348 2018 405 2085 καί
424 2019 651 2107 εάχαριστεῖά
674 2024 821 2109 πρέσβειςἸ
835 2020 892 2087 καί
908 2028 1092 2107 προσκυνεῖ,
1112 2022 1168 2087 καί
1186 2017 1282 2086 πάλιν

181 2125 357 2205 προσκυνεῖ
371 2118 417 2193 εἷς
435 2114 512 2195 τοάς
533 2113 653 2195 αάτοάς
674 2120 813 2206 τόπους,
841 2116 899 2184 καί
917 2120 1090 2207 άναχοορεῖ.
1129 2120 1185 2184 καί
1203 2116 1286 2184 ἐπάν

180 2221 335 2306 χαλασθῇ
354 2216 391 2282 τά
416 2220 532 2302 βῆλον,
555 2219 683 2285 ἵσταται
702 2217 720 2283 δ
740 2218 929 2306 δεκουρίων,
953 2221 1010 2283 καί
1028 2214 1165 2283 κιττεάει
1187 2217 1206 2282 ά
1225 2214 1285 2300 μά-

142 2339 308 2402 υογιστρος
324 2320 529 2400 ‚‚sonssrm,¹'
553 2318 610 2381 καί
625 2313 779 2401 λαμβάνει
797 2315 871 2393 τοάς
891 2317 1054 2404 άρμάτους
1074 2316 1285 2393 κανδιδάεους

185 2411 409 2504 άδικουρίυν,
440 2418 497 2482 καί
521 2416 668 2500 ἐκβάλλει
690 2418 735 2496 εἰς
755 2414 792 2481 τά
815 2414 931 2502 μικρὸν
954 2418 1188 2504 κονσιστώριον.
1228 2416 1285 2482 καί

255 2601 416 2674 most
434 2601 535 2675 τιμίαν
554 2598 672 2669 toties.
744 2619 786 2656 so.
806 2601 922 2655 zon.
946 2599 1098 2674 μετδφερε.

185 2755 354 2825 interpretes
378 2753 499 2806 ordinati
515 2752 603 2807 iuisse
615 2759 700 2826 atque
717 2753 891 2837 praeparati,
906 2768 1012 2824 suaque
1037 2754 1156 2826 quisque
1176 2745 1283 2806 sardas
1362 2785 1368 2794 .

185 2824 331 2891 instructi,
349 2832 379 2876 et
394 2824 499 2897 absquo
515 2840 592 2877 mora
608 2841 669 2876 cum
684 2840 740 2875 suis
755 2824 887 2876 oneribus
899 2823 929 2874 in
945 2841 1072 2894 magnum
1088 2824 1285 2876 consistorium

186 2897 300 2949 intrare.
336 2895 447 2949 Stantes
465 2896 502 2947 ad
519 2897 670 2964 parietem,
688 2896 737 2965 qui
758 2900 801 2947 est
821 2910 836 2945 e
856 2895 967 2964 regione
989 2895 1054 2948 solii
1076 2901 1152 2947 extra
1174 2895 1284 2960 selum,

186 2973 369 3049 prosternunt
387 2982 462 3030 sese,
478 2967 595 3017 simulac
615 2964 687 3017 illud
705 2962 881 3029 sublevatur,
908 2965 1002 3029 humi,
1030 2973 1089 3017 tum
1108 2972 1238 3035 surgunt3
1255 2974 1285 3017 et

188 3038 305 3105 ingressi
327 3052 378 3107 per
404 3045 528 3106 portam,
554 3042 735 3106 prosternunt
756 3051 815 3085 sese
840 3036 955 3099 iterum,
988 3043 1017 3087 et
1035 3034 1148 3088 tandem
1169 3035 1285 3091 tertium

188 3122 309 3189 quoque.
346 3107 501 3160 silentiarii
519 3113 578 3157 tum
600 3106 745 3175 excipiunt
763 3104 798 3155 sb
819 3105 875 3157 iilis
895 3104 985 3169 dopo,
1010 3122 1160 3177 curamque
1176 3114 1205 3157 et
1221 3107 1285 3159 osti-

186 3191 262 3228 orum
275 3176 347 3229 illud
359 3177 474 3240 habent,
492 3183 524 3228 ut
537 3176 586 3228 ilia
603 3174 755 3228 secundum
771 3177 956 3244 cognitionem
967 3192 1016 3228 seu
1030 3176 1208 3228 indiculum
1223 3194 1282 3227 ma-

187 3247 273 3316 gistro
294 3247 349 3299 sibi
369 3247 502 3300 traditum
517 3247 547 3297 in
561 3255 743 3300 vestosscram
762 3262 811 3297 seu
831 3263 937 3298 sacrum
956 3246 1116 3317 vestiqrium
1134 3246 1284 3316 deporten-

186 3324 249 3383 tur,
274 3318 353 3369 etin
370 3334 466 3370 manus
489 3326 742 3371 vestosaoranorum
758 3317 910 3369 tradantur.
946 3315 1000 3369 Ubi
1019 3318 1217 3382 aestimantur,
1232 3316 1284 3369 de·

187 3386 313 3458 bentque
324 3389 509 3441 vestosacrani
521 3388 566 3441 vel
582 3389 705 3441 osticium
719 3389 789 3438 sacri
799 3388 922 3440 vestiarii
935 3390 1061 3458 protinus
1074 3403 1134 3438 eam
1147 3388 1284 3440 donorum

185 3459 411 3511 aestimationem
429 3461 460 3510 in
473 3459 575 3528 scripto
592 3460 723 3528 magistro
734 3458 883 3522 exhibeto,
902 3475 958 3528 quo
974 3460 1043 3510 sciat
1057 3458 1120 3522 ilie,
1139 3459 1208 3529 quid
1222 3476 1283 3519 mu-

187 3544 288 3580 nerum
299 3535 328 3580 et
342 3529 441 3600 quanti
455 3531 541 3599 pretii
552 3530 658 3598 legatus
671 3530 812 3594 attulerit,
830 3531 972 3600 possitque
991 3531 1154 3598 Imperatori
1170 3531 1230 3580 eius
1242 3530 1284 3579 rei

187 3600 350 3651 memoriam
365 3614 496 3652 renovare
513 3615 569 3671 quo
587 3609 710 3670 tempore
731 3600 786 3650 alia
808 3600 880 3651 dona
896 3601 927 3651 in
943 3600 1059 3651 istorum
1083 3601 1286 3668 compensatio-

188 3685 253 3721 nem
274 3671 457 3738 comparando
479 3676 509 3722 et
535 3686 597 3722 cum
622 3669 794 3722 nostratibus
817 3671 914 3739 legatis
938 3669 1006 3722 illue
1027 3670 1192 3722 remittenda
1213 3677 1286 3721 sunt

188 3740 277 3793 Donis
300 3739 331 3791 in
353 3740 428 3792 huno
449 3738 562 3794 modum
585 3740 733 3805 exhibitis,
759 3739 888 3793 hortatur
907 3738 1060 3810 imperator
1085 3740 1206 3809 legatum
1243 3737 1286 3790 his

188 3810 296 3862 verbis:
314 3814 349 3865 Ιιι
362 3813 525 3882 praesentio
539 3809 653 3884 quidem'
668 3814 733 3875 nii,
751 3823 814 3883 post
825 3813 987 3866 interiectos
998 3827 1104 3883 paucos
1120 3811 1179 3864 άίιτ
1190 3829 1287 3866 rursus

189 3879 231 3932 od
247 3882 418 3952 colloquium
435 3883 468 3938 ds
489 3882 570 3936 τιδιε
592 3885 761 3937 necessariis
778 3881 944 3945 vocandus,
969 3882 1144 3954 honestisque
1161 3880 1286 3935 omnibus

190 3950 279 4004 ιιιοάίτ
301 3950 342 4004 nd
358 3954 478 4020 fratrum
504 3952 628 4007 nost'rum
649 3951 839 4007 remittendus.
875 3955 988 4006 intereo
1011 3953 1106 4025 quieta
1126 3966 1151 4006 ιε
1171 3968 1287 4014 ταονια,

190 4033 349 4095 tempusque
366 4023 501 4077 hilariter
517 4024 651 4093 transige.
687 4023 729 4076 Ad
750 4021 819 4072 haec
837 4024 937 4091 gratias
960 4023 1017 4091 agit
1035 4023 1157 4090 legatus,
1174 4028 1203 4071 et
1219 4019 1288 4072 ido-

192 4093 330 4143 retsemoi
344 4099 429 4163 sique
442 4094 550 4163 ¹iterum
584 4093 683 4143 iisstesn
704 4093 734 4143 in
755 4093 840 4156 iocis,
866 4092 895 4142 in
917 4091 1019 4163 quibus
1036 4091 1066 4142 id
1085 4099 1166 4144 antes
1185 4089 1288 4142 iecerat

191 4161 341 4227 msam,
359 4165 438 4216 etsie
452 4162 519 4233 abit
556 4163 661 4217 Laxato
677 4172 736 4217 mm
746 4161 921 4234 demissoque
938 4162 1012 4226 selo,
1030 4161 1157 4234 psoosdit
1174 4160 1285 4215 deensis
