3042 4825
265 87 355 193 456
466 107 671 177 amnon
698 109 754 176 sn
784 107 938 175 neuun
963 105 1126 176 sumus

266 289 373 334 ονται·
414 261 446 329 ολ
466 267 502 332 δὲ
522 267 558 330 tu
588 264 743 352 πατρικῆς
773 265 883 349 ψυχῆς
908 259 992 345 μετά
1020 264 1076 349 τῆς
1102 259 1256 348 άληθείας
1273 261 1355 349 dpe-

264 361 431 446 κνοάμενοι
452 361 569 448 πολλὴν
586 362 776 451 χαρίζονται
800 371 867 438 τοῖς
886 358 969 437 υἱοῖς
994 359 1165 438 διαπαντός
1185 360 1246 444 την
1265 354 1354 446 eipe-

262 472 362 532 λειαν.
403 453 499 527 duone
520 464 646 544 τοίνυν,
675 459 747 544 υἱὲ,
768 457 857 545 παρά
877 458 1017 545 πατρὸς,
1039 457 1063 524 ά
1082 458 1127 546 μη
1149 458 1246 524 καλόν
1265 461 1351 524 ἐστιν

234 557 405 647 Βάγνοεῖν·
447 563 479 628 εἰ
503 559 566 648 γάρ
594 554 708 646 ἄγνοια
737 558 851 642 κακὸν,
882 557 903 645 ἦ
930 559 993 626 τῶν
1020 557 1214 642 πραγμάτων
1240 559 1353 642 γνῶοτς

179 735 184 746 ⁶
262 665 357 747 δῆλον
378 655 429 726 ὅτι
448 661 562 742 καλὸν,
593 659 647 726 καί
665 659 802 742 μάλιστα
829 661 894 723 τῶν
914 657 1094 742 ἀναγκαίων
1115 661 1171 722 καί
1188 649 1235 722 ὧν
1254 651 1371 740 nell&

261 761 452 846 καθέστηκεν
472 761 492 845 ἡ
515 759 655 848 φροντίς.
685 758 928 846 ἀναγκαιότερον
949 759 985 823 δὲ
1005 759 1042 823 τί
1057 749 1134 822 ἄλλο
1153 758 1275 839 γένοιτο
1293 777 1353 818 τιο-

259 863 390 946 λεμαοῆς
410 860 580 942 εάτολμίας
600 856 656 924 καί
673 860 731 945 τῆς
760 862 826 924 τάν
846 853 1008 944 προγόνων
1034 856 1175 933 παλαιᾶς
1194 855 1351 936 sicambe,

258 955 354 1045 ἢνέν
373 962 520 1042 πολέμοις
548 953 634 1042 εἶχον
661 955 697 1023 τὸ
723 955 879 1043 πρότερον
904 957 1081 1040 βασῖλικοϊς
1107 957 1276 1034 regrediare
1296 979 1353 1017 xu-

259 1053 433 1123 τάστασιν.
474 1052 591 1143 ταύτην
620 1055 681 1144 γάρ
712 1055 813 1122 πάλαι
844 1057 1061 1143 φημιζομένην
1090 1058 1146 1120 καὶ
1169 1056 1268 1139 μέχρι
1293 1055 1353 1119 τοῦ

258 1159 318 1222 νῦν
336 1152 426 1242 παρὰ
444 1161 570 1232 πολλοῖς
589 1160 830 1243 θρολλοομένην
847 1152 895 1239 μη
917 1157 972 1219 καί
990 1151 1157 1241 ἐγγράφως
1175 1151 1282 1237 ἔχειν,
1311 1150 1395 1216 erite

260 1254 404 1336 δίκαιον,
439 1254 515 1320 οὐδὲ
543 1253 641 1322 καλὸν
670 1252 878 1340 ἡγησάμεθα.
918 1250 1089 1335 λυσιτελὴς
1116 1251 1176 1336 γάρ
1197 1275 1260 1332 σοι,
1280 1251 1356 1316 θεά.

258 1375 373 1417 manre
389 1353 548 1437 Ῥωμανὲ,
572 1350 653 1437 μετά
674 1357 739 1417 τῶν
761 1342 866 1417 ἄλλων
901 1348 959 1416 καὶ
988 1348 1010 1437 ἦ
1041 1350 1164 1416 τούτων
1189 1351 1355 1436 γενήσεται

260 1448 440 1538 ονγγραφη,
452 1451 640 1538 Ῥωμαϊκὴν
661 1453 802 1536 δηλοῦσα
820 1447 1054 1535 μεγαλειότητα.
1079 1445 1156 1515 ὅθεν
1174 1447 1275 1515 πολλά
1296 1471 1354 1513 πε-

229 1549 297 1636 (Σρί
314 1550 434 1616 τούτων
464 1550 728 1637 οἷνερεονὴοαντες
771 1548 826 1614 καί
851 1551 1011 1635 μηδεμίαν
1041 1547 1216 1634 ὑπόμνησιν
1236 1550 1352 1612 ἐναπο-

257 1651 400 1736 κειμένην
421 1650 465 1738 τῷ
485 1651 631 1738 παλατίῳ
652 1647 866 1733 εὖράνκοντες,
901 1641 963 1732 dmi
992 1649 1048 1713 καί
1071 1647 1162 1730 μόλις
1181 1646 1259 1711 ποτὲ
1277 1643 1396 1729 περῖιό

257 1745 379 1813 τούτων
397 1747 567 1832 ὑπόμνημα
589 1750 625 1812 ἔν
643 1747 684 1834 τῇ
703 1749 788 1834 μονῇ
808 1749 847 1836 τῇ
866 1747 1044 1834 καλουμένη
1060 1746 1228 1830 Σιγριανῆς
1248 1739 1353 1828 εὑρεῖν

146 1851 196 1902 tls.
208 1843 475 1931 5.οη’δονὴθημεν,
495 1848 530 1910 ἐν
548 1834 572 1932 ᾗ
591 1845 688 1912 Λέων
707 1842 724 1908 o‘
745 1842 929 1930 μάγιοτρος,
949 1834 975 1934 ᾧ
996 1843 1192 1919 Κατάκνλας
1208 1835 1249 1928 ἧν
1269 1842 1354 1907 ἐπά-

110 1951 159 2006 Ed
168 1951 382 2026 nummum,
420 1940 475 2008 τὸν
492 1940 615 2028 μονήρη
635 1947 707 2025 βίον
726 1941 904 2028 ἠσπάσατο.
945 1935 1039 2018 οὗτος
1057 1940 1120 2027 γάρ
1142 1939 1159 2005 ά
1180 1936 1353 2025 μάγιοτρος

257 2040 334 2126 περὶ
358 2039 480 2105 τούτων
505 2039 672 2129 ἐγγράφως
699 2043 827 2106 διέθετο
851 2043 887 2106 ἐν
915 2037 1116 2128 προστάξεως
1135 2040 1275 2116 Λέοντος
1293 2029 1355 2104 rori

258 2137 471 2228 φιλοχρίοτον
491 2143 548 2206 καί
567 2137 750 2227 σοφωτάτου
770 2141 928 2223 βασιλέως
942 2137 1118 2224 Ῥωμαίων,
1137 2140 1195 2204 ἑοῦ
1215 2139 1271 2204 καί
1288 2162 1394 2210 rra-20

256 2333 304 2380 tur
321 2325 533 2392 instructiones,
550 2332 583 2380 ut
599 2341 680 2382 verae
698 2333 780 2392 sunt,
806 2327 846 2380 lta
864 2342 977 2401 quoque
993 2324 1060 2379 filiis
1079 2339 1257 2397 peromnem
1275 2327 1353 2374 seta-

256 2404 314 2451 tem
333 2405 362 2451 et
378 2414 428 2467 per
451 2414 545 2450 omnes
573 2414 664 2451 rerum
691 2415 768 2450 casus
791 2404 857 2451 sunt
874 2398 965 2451 utiles.
1001 2396 1168 2467 Audiergo‚
1186 2394 1242 2459 fili,
1260 2400 1289 2444 et
1306 2409 1353 2444 ao·

257 2468 348 2538 cipea
368 2476 462 2538 patre,
479 2484 551 2539 quae
568 2468 694 2537 ignorare
715 2486 772 2522 uon
800 2468 886 2521 decet.
921 2469 1079 2537 Ignorantia
1098 2468 1121 2518 si
1139 2466 1228 2536 turpis
1242 2472 1298 2527 est,
1315 2464 1353 2514 li·
1512 2402 1514 2526 i

256 2546 326 2611 quet
342 2553 433 2590 rerum
447 2539 575 2607 peritiam
592 2538 734 2608 pulchram
748 2547 777 2589 et
785 2541 952 2607 praeclaram
964 2554 1032 2601 esse,
1049 2546 1078 2588 et
1094 2536 1241 2606 praecipue
1260 2550 1352 2585 rerum
1512 2533 1514 2610 l

254 2610 470 2661 necessariarum
493 2610 649 2679 multasque
673 2616 703 2660 et
726 2608 872 2677 diligentes
895 2626 973 2661 curas
992 2608 1169 2677 exigentium.
1206 2604 1283 2675 Quid
1301 2621 1352 2655 au-
1512 2625 1513 2630 ¹

255 2685 313 2731 tem
330 2677 418 2741 aliud,
435 2694 547 2749 quaeso,
564 2694 607 2731 ma
637 2696 650 2730 s
667 2694 718 2731 trsu
733 2680 829 2730 veniat
848 2688 877 2731 et
892 2680 931 2732 rit
945 2678 1032 2748 magis
1049 2676 1250 2739 neceesarium,
1266 2690 1351 2744 qnam

255 2756 386 2800 sueuuus
405 2755 434 2799 et
450 2764 512 2800 acer
526 2748 556 2799 in
574 2694 656 2799 udin
674 2749 782 2801 animus
809 2756 838 2800 et
863 2757 989 2803 vetustus
1014 2747 1063 2798 ille
1081 2745 1171 2796 bonus
1188 2751 1217 2797 et
1234 2744 1351 2797 decorus
1512 2739 1513 2816 i

255 2816 341 2882 ordo,
358 2834 439 2889 quem
458 2819 546 2869 nostri
563 2819 680 2870 maiorer
698 2819 828 2870 inbellis
847 2820 923 2871 etin
949 2818 1050 2887 regiis,
1068 2816 1092 2867 si
1116 2830 1188 2887 quae
1205 2815 1352 2884 continge-

255 2895 328 2953 rent,
345 2886 570 2957 expeditionibus
588 2888 790 2943 observabant?
807 2890 887 2941 Hunc
908 2895 1001 2939 autem
1017 2885 1112 2938 crebra
1130 2887 1198 2937 olim
1214 2886 1287 2937 lama
1305 2900 1352 2937 ce-

255 2956 394 3009 lebratum
414 2964 442 3009 et
458 2958 502 3009 vel
518 2957 562 3009 bis
580 2959 647 3028 ipsis
667 2958 758 3010 adbuc
775 2959 947 3028 temporibus
964 2975 981 3009 a
1000 2956 1095 3010 multis
1122 2972 1247 3008 sermone
1264 2958 1352 3007 iaeta-

255 3034 315 3079 tum
337 3027 361 3079 si
379 3027 480 3095 scripto
499 3029 688 3098 consignatum
705 3046 762 3080 non
779 3028 959 3092 haberemus,
986 3027 1115 3100 iniquum
1133 3035 1160 3078 ct
1177 3033 1258 3097 turpe
1275 3023 1350 3077 iudi-

257 3098 378 3149 cavimus
396 3096 526 3169 [ideoque
543 3097 596 3151 boc
611 3099 754 3153 volumine
779 3097 1011 3169 comprehendere
1021 3098 1177 3173 soluimus}
1213 3100 1249 3150 Et
1264 3094 1350 3167 prod-

256 3167 312 3219 erit
333 3166 403 3232 tibi,
426 3170 548 3221 Romane
567 3186 582 3220 a
600 3170 660 3221 Deo
679 3178 825 3233 coronate,
842 3177 875 3221 ut
889 3169 979 3233 aliae,
996 3169 1035 3221 ita
1057 3166 1127 3220 baec
1158 3182 1270 3289 quozue
1293 3174 1351 3219 tra-

256 3239 358 3303 ctatio,
375 3254 391 3289 e
409 3254 463 3308 qua
481 3240 630 3307 Romanam
646 3240 749 3309 poteris
766 3256 809 3291 ma
828 3239 996 3291 nificentiam
1019 3239 1183 3308 intelligere.
1240 3235 1351 3288 criben-

255 3307 283 3359 di
308 3308 481 3359 occasionem
506 3309 587 3360 nobis
605 3309 658 3360 boc
675 3308 760 3361 dedit
828 3309 885 3361 ulta
903 3307 1109 3390 diligenteque,
1133 3308 1182 3359 sed
1207 3305 1350 3371 irrita,in

252 3378 359 3448 palatio
383 3378 454 3429 sacta
478 3378 676 3449 inquisitione,
701 3380 725 3432 si
750 3379 822 3431 l'orte
851 3378 992 3454 depositos
1015 3379 1119 3429 ahenbi
1145 3380 1179 3431 de
1205 3378 1248 3431 hia
1266 3376 1349 3428 rebus

253 3450 464 3501 commentarios
494 3449 690 3519 reperiremus,
720 3452 767 3502 vix
785 3449 897 3503 tandem
925 3448 1077 3521 aliquando
1108 3450 1188 3513 eins,
1209 3447 1286 3519 quod
1297 3446 1349 3498 cle-

253 3518 465 3583 aislerabamus,
501 3520 655 3588 argumenti
685 3519 813 3573 libellum
851 3521 973 3591 aliquem
1003 3520 1158 3573 invenimus
1192 3519 1223 3570 in
1251 3532 1351 3568 mona-

252 3588 354 3653 sterio,
379 3587 455 3660 quod
480 3588 618 3659 Sigrianer
649 3590 824 3661 appellatur,
851 3594 882 3644 in
907 3608 962 3662 quo
980 3590 1037 3643 Leo
1060 3591 1204 3661 magister,
1229 3590 1274 3640 eui
1301 3604 1350 3640 co-

251 3675 371 3728 gnomen
400 3665 461 3712 erat
486 3658 643 3729 Catacylas,
659 3662 744 3713 vitam
774 3661 927 3714 solitariam
961 3662 1103 3731 amplexus
1133 3668 1182 3712 eat„
1217 3658 1270 3710 llic
1286 3656 1349 3727 ipse

250 3730 382 3797 magister
416 3746 531 3799 nempe,
568 3732 659 3783 irrasus
691 3733 848 3797 alaone,
884 3731 990 3786 Christi
1023 3737 1133 3782 amante
1174 3735 1204 3781 et
1234 3728 1349 3797 sapien-

251 3800 359 3851 tissimo
383 3800 551 3871 Imperatore
576 3802 775 3868 Rornanorum,
801 3810 881 3871 patre
897 3810 991 3855 nostro
1018 3808 1047 3853 et
1070 3816 1121 3855 svo
1149 3806 1215 3862 tuo,
1232 3798 1267 3850 de
1294 3798 1347 3849 illo

253 3879 431 3937 argumente,
461 3870 537 3941 quod
566 3887 617 3923 nos
643 3889 754 3945 quoque
784 3873 956 3925 tractandum
979 3872 1026 3924 hic
1051 3871 1239 3941 suscepimus,
1276 3868 1348 3920 serl-

251 3947 301 4061 ff:
319 3946 490 4011 exposuerat.
526 3942 629 3997 Verum
645 3944 711 4013 quia
730 3944 832 3996 Graeca
851 3944 954 3995 musica
970 3959 1018 3994 sen
1042 3940 1122 3994 docta
1139 3938 1276 4010 elegantia
1293 3938 1346 3989 im·

294 4018 338 4064 tna
361 4027 418 4077 nou
440 4010 532 4065 iuerat
553 4014 602 4067 ille
624 4014 770 4084 magister,
792 4013 881 4073 mutu
899 4013 1009 4067 intersit
1024 4013 1056 4066 in
1071 4028 1149 4067 susm
1166 4009 1346 4083 scriptionem
