3042 4825
350 229 623 300 construatur
653 231 805 299 roura.
835 231 891 298 un
919 229 1116 300 cerintus.
1194 208 1282 311 485

183 390 297 464 σιλέιις
316 389 545 474 περιπατοῦσιν
567 387 598 453 oi
618 390 825 474 πραιπάσιτοι
843 383 901 453 κατ’
916 383 953 451 τῦ
970 383 1210 472 κουβοῦκλειον,
1231 387 1288 457 καὶ
1306 453 1314 466 ,

181 489 281 570 μέσον
302 489 367 553 τάν
395 489 616 574 πραιποσίιοον
645 495 820 574 περιπατεῖ
835 483 1099 572 κουβικουλάριος
1114 484 1284 570 βαστάζων

182 583 223 652 τά
245 588 338 667 τίμια
357 587 415 651 καί
434 584 574 664 ζωοποιά
596 583 677 664 §ito
697 583 781 669 μετά
804 587 860 670 τῆς
888 589 990 671 θήκης
1010 581 1067 650 ἐπὶ
1084 589 1145 650 τοῦ
1162 588 1284 673 τραχή-

183 689 259 750 λου·
301 681 484 770 ἔμπροσθεν
513 687 549 750 δὲ
581 689 640 751 τοῦ
668 686 893 769 κουβουκλείου
923 687 1156 771 περιπατοῦσιν
1176 683 1208 750 οἱ
1223 691 1286 770 βα-

160 783 319 867 metauri,
353 784 410 851 arri
434 783 532 868 μέσον
559 785 683 851 τούτων
711 791 883 872 περιπατεῖ
904 782 1096 873 σιγνοφάρος
1116 786 1285 869 βαστάζων

180 881 319 968 σταυρὸν
348 885 495 970 χρυσοῦν
527 881 693 950 διάλιθον.
737 882 919 972 ἔμπροσθεν
950 886 986 949 δὲ
1015 887 1081 950 τάν
1109 887 1284 967 βασιλικοῦν

179 987 410 1068 περιπατοῦσιν
442 981 506 1048 α’σῦ
545 982 605 1050 δύο
636 983 871 1069 σαγιττοβὸλοον
906 980 1100 1072 παρασυρτά
1130 981 1282 1066 βασιλικά

179 1078 320 1170 ἱππάρια
343 1082 372 1169 ρ’
391 1081 472 1165 perti
493 1082 698 1166 σαγισμάτοον
726 1083 888 1170 άληθινοῦν
916 1085 974 1148 καὶ
990 1085 1173 1170 βορκαάίοου
1192 1081 1430 1164 δεξιάΕάλιοθι

179 1180 419 1268 καὶῥεῦιάνυμα.
459 1181 517 1248 κατ’
537 1180 595 1247 δύο
616 1182 819 1267 κανδιιλάτοι,
841 1182 906 1249 εἴτε
925 1180 983 1248 κατ’
1001 1180 1205 1269 σαοθάριιι,
1227 1183 1281 1248 rien

143 1278 234 1360 ιοξιά
255 1279 312 1344 καὶ
331 1279 483 1363 steropas
504 1283 562 1346 τοῦ
580 1282 739 1372 βασιλέως
770 1284 984 1367 περιπατοῦσι
1003 1282 1216 1369 καβαλλάριοι
1236 1280 1281 1358 οῦς

182 1373 245 1443 άπὸ
267 1375 485 1465 διαστήματος
503 1377 584 1461 μετά
606 1379 818 1466 σκουταρίων,
839 1381 896 1445 καὶ
911 1377 988 1459 τοῦς
1007 1381 1284 1473 προσερχομένους
1365 1400 1370 1416 ·

180 1479 352 1565 ἐπαίρουσι
373 1476 430 1543 καὶ
446 1477 611 1563 εἰσάγουσι
631 1475 713 1564 πρὸς
733 1477 792 1544 τάν
821 1481 975 1564 βασιλέα,
1010 1483 1067 1546 καὶ
1094 1479 1281 1568 ἐπεραιοῦν-
1346 1517 1350 1525 =

179 1600 234 1644 ται
254 1580 331 1663 παρ’
345 1571 455 1660 αῦτοῦ,
477 1571 541 1660 ῦ,τι
561 1569 602 1642 ἂν
617 1579 752 1660 δέονται,
773 1576 832 1643 καὶ
849 1576 1132 1662 άναλαμβάνοντοι
1147 1577 1187 1644 τά
1209 1574 1282 1666 δεη-

179 1671 255 1740 stri
277 1676 384 1742 αὐτῶν
412 1675 471 1741 καί
493 1669 703 1742 άσοῦιλλουσιν
724 1674 809 1742 ariri
830 1678 877 1752 εἰς
896 1674 954 1742 τάν
972 1675 1029 1743 issi
1047 1681 1113 1743 τοῖν
1134 1679 1281 1763 δεήσεων.

141 1773 236 1844 rixae*
254 1769 309 1839 ῦτε
328 1773 493 1865 καταλάβῃ
515 1773 533 1840 ὅ
553 1773 706 1858 βασιλεῦς
731 1773 768 1840 τά
791 1768 958 1861 ἄπληκτον,
984 1773 1066 1842 ἔνθα
1090 1771 1110 1862 ἢ
1130 1774 1280 1863 βασιλικὴ

181 1877 308 1940 ἵσταται
328 1871 435 1961 κάρτη,
471 1877 565 1940 καλεῖ
589 1871 663 1951 τοῦς
681 1879 890 1959 μογιλττρους,
920 1872 978 1942 τάν
1006 1876 1189 1959 άομάοτικον
1215 1877 1280 1942 altis
1365 1939 1370 1948 ,

180 1976 306 2057 σχολιῦν
325 1971 381 2038 καλ
395 1976 634 2060 πραιποσίτους,
654 1970 731 2050 τοῦς
747 1973 1100 2062 άνθυποτοπατρικιους
1112 1978 1169 2040 καί
1182 1997 1280 2064 στρα.

179 2069 295 2157 τργοῦς
314 2071 371 2136 καὶ
389 2070 465 2148 τοῦς
485 2069 712 2160 ὄφφικιαλάους
732 2069 790 2136 κατ’
806 2070 1072 2161 κλεισουράρχας,
1093 2073 1150 2140 κατ’
1165 2098 1280 2140 συνευ-

180 2169 351 2258 φραίνεται
372 2170 427 2238 ini
445 2174 502 2256 τῆς
521 2173 690 2260 τραπέζης.
732 2172 845 2254 ἰστέον,
866 2167 917 2238 in
937 2175 984 2249 εἰς
1003 2171 1039 2239 τά
1061 2166 1228 2260 ῦπληκτον,
1251 2175 1309 2239 er’B

136 2267 298 2338 αοκελεῦει
319 2267 336 2336 ά
357 2270 534 2358 βασιλεῦς,
570 2270 680 2348 καθώς
706 2269 858 2347 πολλάκις
885 2271 1057 2348 Βασιλειος
1085 2270 1105 2337 ά
1133 2273 1280 2356 ἀοίδιμος

178 2367 332 2453 βασιλεῦς
352 2369 497 2457 ἐποίησε,
535 2371 648 2439 trioor
667 2371 712 2463 τρῦ
731 2373 793 2455 μὲν
820 2371 986 2463 στρατηγῷ
1004 2368 1131 2455 ἱμάτιον
1152 2366 1279 2460 ἐρ’ραμ-

178 2650 251 2697 suut.
288 2642 387 2697 Coram
406 2644 571 2713 Imperatore
593 2643 767 2714 praecedunt
790 2645 943 2715 praepositi
961 2650 990 2705 et
1012 2642 1188 2709 cubiculum,
1216 2659 1278 2698 me·

179 2716 298 2787 diusque
322 2716 396 2767 iuter
426 2717 598 2788 praepositos
626 2716 750 2768 ambulat
773 2716 957 2768 cubicularius
984 2723 1091 2785 gestans
1114 2715 1145 2766 iu
1171 2717 1278 2770 reniae

178 2794 301 2837 sanctam
321 2793 350 2839 et
366 2786 503 2840 vivificam
528 2800 635 2839 crucem
653 2787 683 2837 in
703 2803 751 2837 sua
771 2785 890 2856 capsula.
927 2786 1027 2838 Coram
1047 2782 1176 2838 eubiculo
1195 2801 1277 2855 prae·

179 2855 282 2909 cedunt
304 2856 430 2919 basilici,
454 2864 483 2909 et
502 2858 531 2908 iu
549 2872 643 2908 eorum
661 2854 795 2908 meliosi
833 2857 888 2909 iser
909 2863 1019 2927 gestans
1037 2872 1148 2908 auream
1169 2872 1276 2911 crucem

178 2928 290 2997 gemmis
315 2934 450 2978 ornatam.
494 2926 590 2979 Coram
621 2926 744 2979 basilicis
771 2944 786 2978 a
835 2927 904 2979 duos
932 2928 1049 2995 sagittae
1059 2927 1147 2979 iaetus
1160 2942 1276 2997 praeee-

178 2997 250 3048 dunt
268 2996 385 3049 ductiles
410 2996 475 3067 equi
497 2996 567 3067 regii
585 3006 694 3049 centurn
712 2998 741 3047 in
765 2998 892 3067 stragulis
909 2999 1056 3068 purpureis
1081 3005 1111 3051 et
1131 2996 1274 3052 borcadiis

177 3066 284 3119 duabus
311 3064 450 3127 seriebus,
481 3065 516 3117 sd
544 3066 668 3119 dextram
701 3084 756 3119 uua
789 3077 817 3119 et
852 3068 887 3121 ad
913 3068 1051 3120 sinistram
1080 3068 1176 3126 altera.
1230 3067 1274 3121 ti

176 3145 324 3207 utrumque
357 3136 531 3204 Imperatoris
560 3137 632 3189 latus
668 3137 777 3189 modica
804 3136 936 3190 distantia
960 3135 1114 3206 procedunt
1147 3136 1274 3193 residen-

175 3216 219 3260 tes
238 3206 268 3258 in
286 3206 368 3277 equis
401 3206 455 3257 duo
481 3205 624 3259 candidati
656 3210 703 3260 rel
730 3215 759 3259 et
776 3207 925 3276 spatharii,
953 3210 1173 3273 sourimrrrati,
1199 3227 1273 3281 quo·

176 3294 236 3331 rum
256 3285 299 3330 ert
324 3292 390 3339 eos,
417 3278 466 3346 qul
484 3292 544 3329 eum
573 3278 678 3330 libellis
694 3278 868 3349 supplicibus
890 3280 925 3332 ad
942 3280 1091 3331 Dominum
1110 3289 1273 3346 aecurrunt,

176 3365 269 3403 seeum
287 3364 395 3399 sumere
414 3355 442 3399 et
460 3344 494 3399 ud
513 3349 708 3417 Imperatorem
726 3348 920 3413 introducere,
937 3351 988 3421 qui
1004 3367 1051 3403 eos
1068 3349 1103 3402 de
1122 3351 1272 3404 necessita·

174 3426 205 3472 te
225 3427 253 3472 et
270 3419 407 3489 petitione
425 3434 474 3470 sua
494 3418 655 3489 interrogat,
673 3437 755 3489 porro
773 3429 914 3490 acceptare
931 3421 1053 3490 ipsorum
1070 3420 1182 3474 libellos
1202 3438 1270 3491 sup·

175 3490 278 3559 plicet,
306 3496 334 3542 et
350 3490 479 3558 magistro
498 3489 658 3541 libellorum
676 3491 832 3562 supplicum
849 3490 1024 3544 asservandus
1042 3490 1159 3545 tradere.
1196 3492 1271 3545 llaec

175 3560 206 3611 ln
221 3562 266 3613 sia
284 3559 358 3613 inter
377 3568 463 3611 eastra
483 3566 512 3611 et
530 3560 610 3612 illum
630 3560 736 3625 locum,
756 3579 813 3633 quo
832 3562 953 3631 legiones
972 3562 1132 3631 Imperatori
1150 3561 1270 3631 primum

175 3639 330 3690 occurrunt.
365 3632 401 3681 Ut
426 3628 539 3683 taudem
562 3633 592 3683 In
616 3639 704 3683 castra
728 3642 890 3702 perventum
918 3640 975 3697 est,
1007 3632 1057 3685 ubi
1082 3634 1156 3703 regia
1180 3643 1269 3687 cortes

175 3708 245 3764 stat,
264 3700 378 3753 advocat
397 3702 548 3771 Imperator
565 3703 725 3771 magistros,
750 3701 931 3755 domesticum
950 3702 1122 3767 scholarum,
1147 3720 1270 3774 praepo·

177 3772 260 3836 sitos,
280 3772 456 3841 proconsules
474 3774 604 3841 patricioa
623 3780 652 3825 et
669 3778 817 3843 strategos,
834 3774 987 3837 officiales,
1011 3771 1220 3836 eleisurarchas,
1238 3780 1268 3827 et

176 3858 239 3894 cum
259 3843 325 3912 Ipsis
344 3840 471 3894 hilariter
494 3844 632 3911 epulatur.
667 3844 826 3907 interdum,
854 3847 879 3897 si
898 3846 991 3915 placet
1007 3845 1184 3915 Imperatori,
1209 3843 1269 3915 (sio

172 3922 250 3966 ¹certe
268 3928 398 3983 persaepe
418 3913 485 3965 iecit
503 3914 638 3979 Basilius,
662 3914 855 3967 celeberrimus
872 3916 1057 3989 hperator,)
1075 3914 1220 3983 dilargitur
1237 3916 1269 3967 in

174 3985 269 4035 castris
292 3982 456 4037 vestimenta
481 3985 554 4038 iuter
577 4000 722 4054 proteres:
756 3992 875 4056 stratego
902 3987 1096 4043 vestimentum
1123 3992 1268 4039 consutum

175 4052 316 4107 triblattea
333 4064 473 4121 praetextu
490 4054 644 4121 munitum
669 4054 831 4108 turmarehis
849 4058 892 4110 sin
910 4058 964 4109 ulis
981 4056 1088 4125 singula
1103 4058 1282 4111 vestimenta

174 4132 288 4179 uousnta
312 4140 373 4178 eum
389 4128 539 4195 praetextis
564 4125 707 4181 ‹llblatteis
733 4134 762 4181 et
787 4127 881 4196 liguris
894 4074 1068 4183 laetiorum
1092 4143 1141 4180 seu
1166 4142 1267 4197 parra·
