3042 4825
183 3210 322 3270 seuva
343 3209 533 3270 urbanarum
559 3229 702 3291 quoque,
725 3231 744 3270 a
766 3211 893 3270 summis
913 3208 953 3269 ad
973 3211 1076 3284 imas,
1097 3209 1223 3266 nomIna
1244 3216 1276 3267 et
1299 3227 1390 3288 prae-
1499 3220 1500 3241 ¹

314 250 413 313 XVIII
693 242 749 307 10.
779 242 859 307 lac.
889 244 1039 308 REISIIlI

237 428 240 437 ·
311 372 452 489 ignotum
478 402 542 462 elus
565 418 678 461 aionien
701 409 746 457 est
769 402 802 459 in
824 399 954 460 liistoria
977 400 1157 481 ByzantIna,
1178 423 1214 462 ex
1239 402 1329 465 titurio
1350 403 1415 467 Er-

272 510 274 513 ’
312 516 488 588 carptorum
508 500 831 563 Constantiniannmm
850 498 890 559 de
914 498 1141 581 legationibus,
1163 504 1250 563 cuius
1272 511 1414 589 superius

311 609 497 668 mentionem
525 600 709 662 iniiciebam.
759 599 889 661 Exstant
914 601 947 659 in
980 620 1018 660 eo
1043 600 1134 661 titulo
1164 602 1317 685 quaedam
1345 609 1415 669 eius

310 708 502 789 fragmenta,
532 700 652 763 nullum
673 710 777 760 tamen
805 698 917 760 Iuliani
946 711 1045 761 aetate
1077 704 1240 783 posterius.
1299 704 1344 770 At
1376 710 1411 771 in

309 818 415 867 nostro
436 802 540 864 codice
562 822 630 883 cap.
660 799 857 865 LXXXVII.
872 799 940 863 Lib.
961 800 986 865 l.
1012 822 1082 884 pag.
1112 822 1173 887 ²²9
1196 824 1259 865 non
1286 817 1408 869 tantum

309 904 481 983 Theudae,
512 900 635 962 Gothiei
655 902 688 959 in
709 900 858 982 Hispania
879 903 983 983 regis,
1005 901 1045 962 ad
1069 902 1271 966 iustiniannm
1295 905 1409 991 legatio

306 1004 393 1067 velut
415 1008 448 1065 in
475 1005 607 1082 transitu
631 1011 843 1080 memoratur,
863 1000 918 1061 sed
939 1001 1055 1064 ibidem
1072 1025 1196 1087 quoque
1214 1027 1250 1067 ex
1268 1005 1407 1090 professo

304 1103 512 1167 memorabilis
533 1101 690 1164 Anthemii
713 1100 752 1162 ad
773 1103 909 1162 Leonem
929 1123 1075 1187 magnum
1100 1104 1212 1189 legatio
1231 1113 1406 1191 exponitur,

304 1228 366 1289 qna
385 1206 557 1287 Imperator
572 1202 737 1264 occidentis
751 1200 902 1265 laureatas
922 1224 993 1265 suas
1014 1207 1160 1288 imagines
1175 1218 1267 1290 atque
1286 1208 1406 1272 litteras

304 1303 444 1365 orientali
465 1302 614 1366 mittebat
657 1304 692 1364 In
707 1305 887 1365 uniuersum
908 1325 945 1365 ea
961 1309 1090 1385 omnia,
1111 1328 1190 1389 quae
1212 1328 1231 1368 a
1254 1330 1322 1393 pag.
1343 1311 1406 1371 225

304 1426 371 1489 cap.
390 1404 569 1466 LXXXIV.
586 1424 684 1485 usqne
698 1402 737 1463 ad
753 1424 823 1487 pag.
844 1404 901 1465 251
922 1426 991 1488 cap.
1006 1406 1122 1470 XCVI.
1139 1406 1301 1490 leguntur,
1329 1410 1405 1472 item

302 1516 395 1587 eaput
420 1503 490 1565 libri
520 1504 544 1567 1.
565 1503 733 1583 illtimnm,
770 1515 802 1566 et
835 1504 914 1565 sorte
944 1528 1068 1590 quoque
1096 1504 1157 1566 alia
1186 1506 1296 1590 plaia,
1326 1520 1404 1591 puto

301 1606 388 1667 Petri
418 1606 556 1687 Magistri
581 1626 667 1684 esse,
689 1626 724 1665 ex
747 1626 808 1686 eo,
827 1627 921 1687 quem
942 1606 1026 1686 dixi,
1047 1605 1207 1688 deperdito
1230 1607 1310 1671 libro
1328 1607 1406 1689 περὶ

300 1700 521 1779 καταστάσεως
538 1705 694 1789 decerpta.
737 1706 897 1768 Promittit
915 1729 974 1768 vox
997 1700 1196 1779 κατάστασις
1218 1709 1401 1769 constitutio

299 1828 362 1872 non
387 1818 509 1868 tantum
529 1818 689 1891 praecepta
723 1809 877 1887 sapienter
899 1808 1158 1869 administrandae
1186 1806 1400 1892 reipublicae,

298 1906 352 1968 sed
372 1910 464 1972 etiam
489 1909 623 1987 rituum,
653 1906 766 1989 quibus
788 1905 893 1967 civilia
914 1912 1037 1991 negotia
1063 1920 1275 1991 peraguntur,
1307 1930 1401 1991 expo-

295 2008 461 2069 sitionem:
493 2005 630 2089 adeoque
660 2010 793 2089 pertinet
820 2006 860 2067 ad
887 2018 1006 2069 veteres
1030 2008 1126 2069 libros
1151 2009 1316 2087 Tacticos,
1346 2030 1402 2071 sen

296 2106 521 2186 cerimoniales,
549 2107 723 2189 dequibus
748 2110 782 2167 in
803 2110 1031 2169 commentariis
1054 2128 1187 2191 agemus.
1241 2108 1402 2171 Pmmittit

295 2207 380 2268 idem
405 2229 528 2291 quoque
550 2207 681 2291 dignitas
695 2208 717 2286 ,'
731 2228 826 2290 quam
852 2207 964 2268 Petrus
992 2209 1109 2289 gessit,
1136 2211 1274 2291 magistri
1296 2229 1401 2269 mero-

295 2330 366 2369 rum
391 2306 580 2385 officiorum,
603 2307 643 2368 ad
671 2308 758 2369 cuius
778 2306 913 2368 officium
941 2318 1034 2390 atque
1051 2306 1280 2389 dispositionem
1306 2310 1400 2369 etiam

295 2410 527 2470 cerimoniarius
553 2406 736 2490 pertinebat.
780 2408 888 2470 Enitet
919 2410 1024 2490 itaque
1048 2409 1082 2469 in
1106 2408 1165 2469 hoe
1183 2411 1285 2492 primo
1305 2408 1400 2472 buius

294 2511 395 2592 operis
421 2507 578 2569 volumine
602 2508 717 2590 grande
738 2508 798 2568 hoc
822 2509 908 2568 Petri
936 2509 1075 2591 Magistri
1101 2509 1320 2593 fragmentum,
1341 2533 1398 2574 ve»

294 2609 341 2670 lut
362 2606 524 2693 gemmula.
569 2607 614 2668 At
636 2611 669 2668 in
692 2608 846 2687 secundo,
867 2608 952 2691 quod
971 2608 1093 2669 favente
1114 2611 1182 2670 Deo
1203 2623 1398 2694 quantocyus

293 2711 474 2792 expediam,
510 2711 590 2769 inter
612 2707 672 2768 alia
702 2708 860 2790 praeclara
891 2708 1017 2770 enitebit
1047 2708 1183 2790 prolixus
1204 2721 1236 2770 et
1267 2713 1396 2793 insignis

291 2809 372 2870 liber
400 2807 529 2870 alicuius
557 2807 732 2888 Philothei,
762 2809 1008 2904 Protospathaxii
1036 2819 1068 2870 et
1094 2809 1273 2871 Artoclinae
1292 2814 1394 2892 regii,
1505 2830 1506 2833 ’

291 2929 354 2992 qno
380 2929 443 2970 nou
468 2919 588 2969 tantum
614 2908 791 2970 divinarum
812 2909 973 2992 epularum
992 2909 1132 2970 ordinem
1161 2909 1253 2990 plene
1282 2908 1393 2970 distin·
1503 2944 1504 2969 l

290 3019 412 3091 eteqna,
433 3019 469 3068 ut
484 3007 527 3070 nil
548 3029 654 3090 supra,
675 3012 881 3092 persequitur,
904 3010 958 3070 sed
979 3011 1084 3084 etiam,
1105 3007 1190 3089 quod
1210 3018 1392 3089 argumento
1501 3100 1502 3105 η

289 3107 336 3168 illi
361 3108 524 3186 cohaeret,
547 3107 729 3190 dignitatum
757 3119 821 3168 tam
840 3107 1057 3190 palatinarum,
1079 3127 1173 3188 quam
1195 3107 1389 3186 militarium,

290 3309 409 3371 sidendi
429 3310 518 3386 iura,
542 3311 616 3370 item
639 3330 718 3392 quae
746 3311 808 3370 sint
827 3312 994 3386 axiomata,
1010 3311 1079 3367 'seu
1104 3304 1289 3388 dignitates,
1311 3328 1390 3388 quae

289 3408 412 3488 officia,
433 3409 544 3492 quibus
565 3432 635 3471 cum
656 3409 798 3487 brebem,
826 3408 876 3472 vel
898 3408 1088 3496 insignibps,
1109 3404 1317 3485 conferantur,
1332 3427 1390 3468 nee

289 3529 352 3571 non
366 3531 428 3593 quo
436 3531 574 3594 quaeque
590 3509 698 3573 ordine
708 3522 738 3572 et
747 3510 860 3592 quibus
875 3509 983 3571 diebus
999 3507 1039 3568 ad
1051 3526 1169 3567 sacram
1184 3525 1322 3568 mensam
1339 3507 1389 3567 ad·

290 3621 435 3690 vocetur,
457 3611 587 3673 assideat
610 3623 641 3672 et
666 3609 750 3672 illinc
772 3631 879 3671 rursus
900 3611 1077 3688 emittatur,
1095 3615 1243 3666 recenset.
1285 3607 1389 3668 flaba

288 3711 632 3794 praetereuntiumque
652 3712 797 3774 volumen
821 3709 882 3770 alia
906 3716 1127 3784 monumenta,
1148 3727 1166 3766 e
1188 3703 1301 3787 quibus
1318 3707 1387 3767 Dn-

286 3829 392 3873 cincn
409 3811 557 3874 Familiae
574 3815 762 3898 Byzantinae
780 3813 906 3895 angeri,
935 3805 1215 3889 Constantinopolis
1235 3806 1386 3866 ChristIa.

284 3929 327 3972 na
363 3915 502 3997 corrigi,
538 3915 776 3998 Byzantinorum
813 3911 1007 3995 quorundam
1030 3909 1247 3971 historicorum
1280 3905 1383 3964 histris
1488 3870 1490 3919 i

284 4010 421 4094 expleri,
459 4025 489 4076 et
522 4014 737 4100 ehmnologica
765 4013 916 4097 quaedam
946 4019 1102 4072 momenta
1133 4018 1216 4068 reete
1240 4005 1383 4066 constitui

287 4126 428 4191 possunt.
479 4115 551 4197 Qun
571 4119 726 4201 pertinent
756 4115 947 4178 narrationes
972 4111 1011 4174 de
1036 4106 1202 4215 {theophili
1221 4116 1253 4167 et
1279 4103 1383 4168 basilii
