3042 4825
503 170 507 193 ⁸
543 230 864 299 immineins.
1073 180 1087 201 ’
1195 237 1254 299 xv

145 418 214 457 non
238 394 377 461 illustret.
419 392 452 455 si
473 412 565 475 quem
579 394 696 453 rituum
710 389 983 453 ecclesiastieorum
1005 386 1139 452 studium
1158 395 1252 475 capit,

24 508 25 525 ¹
146 507 315 580 cognoscat
335 496 426 575 hinc,
448 493 547 577 qualis
574 493 667 557 fixerit
686 491 830 553 ecclesiae
859 492 995 551 Graecae
1023 491 1115 551 facies
1135 491 1255 554 decimo

147 609 223 681 post
242 597 284 659 N.
309 596 347 657 C.
370 594 510 675 saeculo,
540 614 619 678 quae
638 592 838 676 legendorum
867 590 1118 652 Patriarcbarum
1147 593 1253 674 ratio,

146 697 253 781 qualis
267 718 376 761 eorum
396 718 467 757 cum
489 696 552 757 suis
574 693 815 778 Imperatoribus
834 689 1036 767 consuetudo,
1057 712 1136 773 qnae
1155 693 1253 753 Grae-
1330 739 1340 761 .

145 820 261 859 carum
290 795 484 859 ecclesiarum
509 806 611 879 partes
639 805 671 855 et
696 804 870 872 struemra,
900 812 979 875 quae
1007 791 1145 851 instituta
1173 790 1254 853 cele·

145 896 266 960 brandi
292 897 390 959 divini
409 895 536 975 cultus,
567 897 621 978 qui
642 897 707 957 eius
724 894 877 974 ministri,
910 894 980 974 quis
1009 889 1087 951 ordo
1107 890 1253 953 festorum

146 1000 298 1075 dierum,
319 1018 398 1079 qnae
417 1016 521 1058 sacrae
540 998 769 1078 processiones,
800 1015 895 1076 quas,
923 991 1035 1075 quibus
1056 990 1184 1073 diebus,
1212 992 1253 1051 sd

146 1100 244 1161 aedes
264 1099 488 1159 monasteriave
508 1095 689 1157 celebriora.
748 1094 865 1155 Rerum
884 1103 987 1154 antem
1014 1090 1152 1154 civilium
1179 1112 1255 1152 con·

146 1198 312 1281 templatio
333 1198 473 1279 siquem
496 1198 593 1279 magis
614 1194 760 1273 delectat,
787 1205 892 1256 vastus
918 1190 965 1254 illi
991 1213 1024 1253 se
1049 1212 1176 1275 campus
1202 1191 1255 1253 bie
1382 1194 1390 1213 ³

145 1298 262 1381 pandit
277 1307 415 1379 spectatu
433 1296 544 1379 dignus
563 1298 678 1379 pariter
697 1306 791 1379 atque
812 1291 975 1355 iucundus.
1017 1292 1169 1355 Creantur
1186 1292 1255 1353 Au-

147 1399 259 1481 gusti,
287 1395 444 1458 celebrant
476 1398 621 1479 nuptias,
651 1405 868 1477 msceptosquc
888 1414 994 1453 recens
1013 1390 1127 1453 liberos
1146 1404 1257 1456 curant

147 1518 244 1559 sacro
277 1494 400 1559 lavaero
428 1499 461 1557 in
491 1495 617 1562 ecclesis
646 1496 783 1580 expiari3
811 1494 973 1555 conserunt
1000 1478 1197 1575 dignitates,
1216 1494 1257 1554 ad

146 1596 332 1659 suburbana
352 1596 465 1681 palatia
483 1599 681 1676 rusticantum,
711 1595 954 1673 vindemiatum,
982 1596 1056 1654 item
1084 1593 1125 1655 ad
1144 1594 1256 1656 horrea

148 1697 290 1781 publica,
312 1714 464 1759 annonam
487 1696 642 1759 conditam
664 1707 847 1778 epactam,
867 1694 1064 1778 procedunt3
1090 1696 1255 1777 excipiunt,
1312 1744 1320 1758 .

147 1800 243 1861 aliter
263 1797 456 1880 quotidianas
483 1818 647 1880 procerum
677 1793 896 1874 salutationes,
924 1794 1014 1856 aliter
1041 1805 1134 1858 statas
1154 1794 1256 1857 solcu-

149 1902 280 1976 uiores3
310 1909 453 1980 perorant
473 1900 506 1963 in
535 1896 685 1973 silentiis,
716 1906 854 1978 spectant
880 1896 1055 1956 Circensem
1079 1896 1255 1975 insaniam,

149 1998 285 2059 andiunt
304 1997 471 2059 landunum
493 1995 725 2058 acclamationes
746 2006 778 2057 et
796 1994 1011 2079 flagitationes,
1031 1997 1166 2077 praemia
1180 1996 1256 2057 dant

148 2099 270 2179 aurigis
302 2098 491 2176 victoribus,
521 2095 648 2159 missilia
678 2108 852 2179 spargunt,
891 2093 1071 2178 pyrrbicbas
1101 2106 1133 2156 et
1164 2095 1255 2158 ludos

152 2198 304 2259 Gothicas
324 2207 479 2279 spectant,
508 2206 603 2276 vota,
630 2196 803 2277 hmmalta,
834 2196 951 2257 natales
970 2206 1056 2257 ortus
1073 2197 1255 2279 imperiique

152 2308 186 2359 et
207 2295 355 2359 connubii
376 2296 424 2357 sui
439 2292 622 2375 celebrant,
652 2294 772 2357 divinas
802 2295 907 2378 epulas
937 2294 1099 2375 exhibent,
1129 2307 1203 2357 eunt
1221 2298 1255 2357 in

151 2395 291 2476 bellum,
321 2404 416 2478 agunt
444 2394 476 2456 in
505 2396 633 2474 eastris,
659 2393 790 2456 redeunt
813 2395 847 2456 in
875 2394 984 2456 urbem
1013 2394 1257 2478 tsiumpbsntes,

156 2499 318 2580 victasque
334 2493 453 2557 calcant
471 2515 579 2578 regum
601 2496 757 2576 cervices;
778 2492 928 2578 stipendia
947 2495 1096 2558 militibus
1114 2506 1255 2580 etegent,

155 2599 314 2658 insumunt
340 2605 372 2656 et
400 2593 563 2677 expediunt
590 2592 720 2675 classes,
750 2595 915 2664 admittsmt
939 2594 1054 2678 legatos
1083 2608 1256 2659 exterorum

155 2697 356 2780 principum,
392 2715 464 2756 suos
493 2695 559 2776 ipsi.
576 2692 738 2777 ablegant,
771 2715 916 2778 pompam
947 2707 979 2756 et
1007 2695 1112 2756 luxum
1132 2717 1256 2758 omnem

155 2817 251 2858 sunm
269 2794 442 2878 explicant,
464 2805 595 2877 egestate
614 2793 728 2878 passim
747 2798 985 2875 transmieante,
1004 2796 1128 2864 tandem
1141 2798 1257 2858 abeunt

156 2895 199 2956 ad
218 2891 335 2978 plures,
357 2905 388 2956 et
407 2895 440 2954 in
461 2905 662 2983 monumenta
681 2915 736 2956 sua
757 2895 939 2958 infestantur.
978 2896 1177 2959 Perambules
1194 2897 1256 2958 hoc

155 2997 226 3077 ipso
245 2993 326 3056 lilino
346 2994 424 3056 duce
444 2991 498 3054 illa
518 3015 624 3054 eorum
643 2993 825 3076 sepulcralia
843 3008 1061 3078 monumenta,
1093 3009 1125 3060 et
1143 2997 1256 3060 lustres

155 3095 366 3177 cuiuscunque
386 3115 496 3156 urnam
516 3115 588 3154 cnm
606 3095 770 3177 inscriptis
796 3097 991 3177 nominibus,
1012 3099 1178 3180 inquibus
1197 3099 1255 3160 ali·

159 3223 223 3285 qua
243 3211 328 3278 sunt,
350 3221 429 3283 quae
450 3203 562 3264 fnastra
577 3204 610 3262 in
627 3201 785 3264 Dncsson
804 3202 942 3264 Familiis
964 3201 1138 3282 Byzantinis
1161 3219 1256 3282 quae-

160 3321 222 3366 ms.
262 3301 408 3363 Penenes
436 3321 560 3384 quoque
588 3300 647 3361 hoc
676 3301 792 3384 eodan
808 3302 886 3364 duce
912 3306 946 3364 in
967 3305 1034 3385 ipsa
1052 3302 1256 3383 pretiosomm

160 3409 193 3461 et
211 3402 377 3482 insignium
401 3399 556 3462 orientalis
576 3404 696 3484 imperii
717 3403 910 3480 conditoria,
932 3422 1078 3486 areasque
1097 3402 1256 3464 vestiat-ias

157 3509 191 3560 ct
222 3499 314 3562 aliam
341 3499 557 3583 supellectilem
585 3505 728 3564 excutias.
771 3501 882 3565 Melius
902 3503 974 3584 bic,
1007 3523 1101 3585 qnam
1126 3487 1256 3585 usquam

160 3597 261 3680 alibi,
292 3621 453 3682 procerum
482 3611 546 3662 tam
575 3600 805 3684 palatinorum,
834 3625 927 3687 qtsam
954 3601 1153 3682 militinam,
1182 3605 1256 3663 item

162 3701 397 3782 magisuatuum
424 3699 613 3762 urbanorum
641 3702 832 3787 aliorumque
865 3707 1021 3766 minoium
1049 3703 1172 3764 ordines
1205 3704 1255 3764 vi·

161 3799 248 3882 deas,
270 3800 429 3884 lnsqisque
450 3802 483 3862 in
506 3803 674 3884 porticibus
695 3806 876 3867 excubantes
896 3825 1074 3868 numerosos
1093 3806 1255 3888 sotiosque
1262 3803 1342 3860 ΕΜ·
1354 3806 1398 3858 111'
1497 3862 1500 3873 ,

161 3921 269 3984 greges
309 3905 387 3963 sacri
423 3907 559 3986 conponis
591 3904 747 3967 emtodiae
777 3907 947 3988 deputatos.
1013 3907 1104 3966 Mitto
1132 3917 1255 3983 cetera,

159 4021 260 4082 quum
281 4023 298 4062 e
318 4005 457 4085 superius
477 4004 565 4066 dictis
587 4005 707 4068 abunde
727 4018 865 4086 constet,
899 4029 966 4069 eam
987 4027 1051 4070 esse
1075 4027 1178 4068 rernm
1197 4006 1256 4067 hoc

163 4099 197 4158 iu
216 4106 538 4188 operc.espositsrum
559 4103 755 4188 varietatem,
786 4106 920 4192 leporan
941 4099 1032 4196 stipae
1059 4108 1255 4191 dignitatem,
