3042 4825
20 206 23 311 i

413 247 421 260 ·
492 255 812 323 mnarsnoans.
924 228 929 235 ’
1160 263 1232 325 xix

20 334 27 441 l
129 406 314 473 Macedonis
335 412 523 496 triumphis,
545 416 578 475 in
601 412 770 497 appendice
791 412 862 477 libri
883 416 993 497 priml3
1028 416 1102 477 item
1124 414 1164 477 de
1182 438 1235 477 ex-

125 510 294 592 peditione
323 510 452 573 Himerii
483 510 628 576 adversus
655 512 815 575 Cretenses
849 514 1014 576 Saracenos
1044 514 1103 577 snb
1132 516 1236 578 Leone

129 610 282 693 Sapiente
305 606 411 691 dict03
434 634 528 695 porro
554 612 592 673 de
615 611 766 695 legatione
790 613 923 675 Romani
947 615 1097 697 Lecapeni
1114 616 1153 676 ad
1174 616 1237 677 Hu-

130 728 250 791 gonem
277 710 385 772 ltaliae
406 732 529 795 regem,
558 712 798 795 muneribusque
820 712 866 774 illi
891 733 963 773 cnm
985 715 1261 796 Protospathario-

20 890 21 899 ἵ
130 808 303 871 Pascbalio
322 814 355 873 in
376 832 446 873 eum
465 812 557 873 finem
578 814 696 891 missis,
717 820 754 873 ut
778 810 906 874 rebelles
930 813 1148 895 Langobardos
1161 816 1239 876 Lan·
1314 842 1318 850 ·

130 910 283 989 dulfum,
301 910 557 994 Athenulphum,
587 911 716 992 iratres,
746 922 777 973 et
803 912 886 973 aliud
908 912 1039 974 fratrum
1066 934 1143 995 par,
1163 916 1239 975 Gai.
1288 995 1293 1004 .

129 1014 271 1073 marium
294 1022 324 1073 et
345 1012 524 1089 Gaiferium,
547 1006 615 1073 illos
637 1011 681 1073 Ca
702 1031 761 1071 uae
784 1023 815 1073 et
837 1012 1022 1092 Beneventi,
1046 1012 1102 1073 hos
1121 1013 1239 1075 Salerni

130 1112 277 1194 regidos,
299 1115 331 1174 in
353 1113 492 1173 ordinem
513 1122 643 1195 cogeret.
681 1034 772 1173 llice
787 1131 909 1195 quoque
928 1112 960 1173 in
982 1117 1082 1196 primo
1103 1112 1164 1173 hoc
1182 1134 1240 1174 vo·

130 1209 257 1272 lumine
278 1234 348 1295 cap.
370 1212 484 1274 XCVI.
505 1232 577 1297 pag.
597 1211 655 1273 253
678 1210 758 1272 edita
777 1211 905 1273 sollicita
927 1212 978 1275 illa
991 1224 1022 1273 et
1043 1212 1127 1273 velut
1143 1213 1242 1274 diaria

20 1332 21 1345 ¹
130 1314 277 1373 narratio
298 1310 479 1392 seditionis,
499 1332 555 1393 per
579 1331 672 1394 quam
698 1311 737 1374 A.
757 1310 792 1374 C.
812 1310 872 1394 963
899 1322 968 1393 post
988 1312 1109 1373 obitum
1129 1312 1241 1373 Roma·
1331 1388 1335 1394 ¹

129 1412 168 1471 ni
189 1412 323 1475 iunioris
350 1415 382 1473 in
405 1410 483 1471 urbe
502 1410 585 1493 regia
609 1409 988 1493 obortam,‘Nicepbon1s
1011 1411 1131 1473 Phocas
1151 1415 1245 1495 impe

132 1513 184 1571 rio
219 1515 336 1593 potims
362 1522 416 1575 est
473 1511 576 1589 Quam
600 1530 686 1589 rem,
721 1520 792 1571 utut
821 1511 978 1571 Cannensis
1009 1532 1132 1595 quoqne
1159 1511 1244 1575 haud

133 1609 351 1693 perfunctorie
370 1610 556 1687 narraverit,
581 1610 621 1671 ad
642 1610 776 1671 hominis
796 1621 913 1688 tamen,
934 1632 953 1670 a
972 1632 1034 1694 quo
1057 1622 1149 1693 capnt
1167 1611 1245 1673 illud

134 1712 373 1793 nonagesimum
390 1712 506 1771 sextum
522 1709 693 1792 profectum
708 1720 767 1787 est,
783 1708 984 1791 diligentiam,
999 1713 1140 1793 peritiam
1154 1721 1246 1794 atque

134 1810 235 1871 fidem
251 1831 315 1871 non
340 1809 464 1873 accedit
492 1808 595 1886 Patet,
611 1811 790 1891 scriptorem
808 1810 913 1886 rebus,
934 1830 1030 1892 quum
1055 1821 1246 1893 gererentur,

135 1909 325 1971 interfuisse.
368 1911 431 1989 Qui
456 1906 636 1970 orientalem
658 1907 819 1969 historiam
839 1920 956 1987 amant,
974 1914 1127 1993 reperient
1148 1914 1182 1971 in
1198 1933 1248 1972 se·

135 2009 245 2071 mando
274 2005 431 2071 volumine
460 2018 663 2070 memoratum
695 2006 828 2091 aliquem
862 2006 1070 2089 Dilemicum,
1101 2011 1245 2073 Emirum

137 2108 300 2186 Amidae,
322 2106 478 2169 hominem
499 2118 530 2167 ct
551 2119 706 2168 oratorem
736 2108 810 2168 Abu
838 2108 1010 2171 Chamdani
1033 2110 1073 2171 ad
1093 2110 1246 2172 Constan-

138 2212 245 2271 tinum
266 2218 406 2269 nostrum
427 2210 567 2269 missum.
623 2208 684 2286 Qui
709 2206 783 2269 Abu
813 2208 973 2270 Chamdan
1002 2210 1062 2290 (sic
1087 2213 1170 2271 enim
1190 2232 1248 2294 pro

139 2330 235 2371 more
256 2307 381 2369 illorum
403 2319 601 2391 temporum,
633 2312 777 2389 meravis
800 2328 864 2369 non
885 2312 958 2370 satis
981 2321 1086 2390 recte,
1114 2331 1172 2393 pro
1192 2311 1252 2372 ibn

141 2407 308 2471 Chamdan
338 2406 523 2492 appellatur)
545 2406 677 2468 fueritne
702 2406 976 2489 Naseroddaulah‚
1001 2429 1040 2470 an
1067 2410 1132 2472 eius
1158 2411 1251 2473 frater

143 2507 381 2589 Saifoddaulah,
404 2508 494 2570 ambo
515 2518 654 2590 potentes
673 2527 729 2590 per
752 2507 872 2590 Syriam
887 2515 979 2590 atque
998 2510 1251 2592 Mesopotamiam

144 2613 324 2694 principes,
355 2621 386 2672 et
407 2612 438 2670 in
463 2608 591 2670 historia
618 2606 759 2670 orientali
779 2605 936 2687 celebres,
965 2609 998 2668 in
1026 2613 1252 2672 commentariis

145 2714 313 2794 inquiram.
355 2709 403 2771 Ne
424 2708 540 2771 leviora
564 2706 618 2770 illa
638 2727 900 2782 commemorem,
929 2709 961 2767 in
990 2707 1123 2769 secundo
1148 2708 1249 2790 libro,

144 2813 224 2874 alias
245 2814 325 2873 inter
340 2812 552 2893 inscriptiones
575 2807 778 2870 litterasuma
796 2807 971 2889 Byzantinis
992 2806 1032 2866 ad
1055 2805 1132 2868 alios
1157 2829 1244 2892 reges

141 2923 362 2994 terrarumque
400 2911 540 2973 dominos
566 2909 757 2984 missarum,
795 2904 902 2966 baberi
931 2927 1054 2989 qnoque
1074 2901 1249 2991 inscriptio-

142 3035 201 3074 nes
223 3011 418 3090 uttemmm,
443 3009 495 3072 vel
516 3029 680 3070 aurearum
702 3005 879 3084 bullarum,
903 3017 940 3067 ut
970 3005 1180 3089 appellabant,
1206 3007 1247 3069 ad

143 3109 422 3195 Protosymbnlum
445 3109 681 3194 Agerenornm,
720 3109 773 3190 qui
798 3115 843 3168 est
876 3105 1065 3188 Bugdadicus
1094 3107 1252 3186 Chalii'ah,

145 3215 224 3275 item
262 3211 302 3273 ad
340 3211 453 3272 lndiae-
480 3211 662 3289 dominun,
711 3211 806 3292 (quae
840 3207 997 3288 inscriptio
1022 3203 1097 3267 mihi
1128 3207 1253 3288 quidem

146 3333 301 3397 perquam
342 3314 419 3372 mira
453 3310 595 3375 ecciditr
635 3331 698 3370 non
734 3311 816 3369 enim
853 3306 966 3383 video,
1006 3305 1080 3390 qnid
1113 3309 1159 3368 rei
1188 3309 1250 3391 By-

149 3415 282 3474 zantinis
309 3412 564 3496 imperatoribus,
604 3421 710 3472 nostro
742 3419 825 3470 certe
856 3407 1079 3484 Constantino,
1101 3427 1172 3467 cum
1199 3404 1253 3467 ln·

150 3513 222 3576 diae
243 3533 341 3596 rege,
371 3513 404 3574 id
429 3524 476 3574 est
501 3512 636 3573 Arabiae
654 3508 769 3586 felicis,
790 3519 825 3568 ut
845 3528 902 3591 ego
931 3507 1072 3588 equidem
1093 3509 1252 3585 existimo,

149 3607 316 3675 communi»
329 3614 420 3675 lires-it
436 3612 466 3692 r)
488 3620 667 3694 comparent
683 3609 798 3670 ibidem
815 3606 873 3669 loci
893 3606 1063 3668 litterarum
1080 3607 1254 3691 inscriptio·

150 3737 208 3776 nes
227 3713 268 3775 ad
289 3713 412 3798 regulos
430 3714 575 3775 obscuros
591 3713 723 3789 iberiae,
745 3695 906 3785 Albaniae
929 3718 960 3767 et
980 3705 1151 3790 Abasgiae3
1171 3708 1255 3769 unde

153 3814 195 3875 ad
216 3813 449 3898 geographicae]
473 3815 612 3875 notitiam
634 3821 750 3872 uacuas
775 3829 882 3869 verme
902 3805 1058 3889 Scythiam
1087 3805 1255 3868 Asiaticam

153 3915 309 3997 vergeretis
339 3915 469 3976 accessio
496 3913 556 3975 liat.
591 3913 803 3973 Memorantur
820 3927 943 3990 qnoque
961 3909 1114 3988 principes
1137 3907 1255 3989 aliquot

155 4011 330 4096 Bulgarici,
360 4033 437 4097 qnos
460 4015 493 4074 in
526 4033 616 4073 omne
641 4012 769 4071 historia
788 4007 936 4069 hactenus
965 4007 1078 4068 bustm
1099 4007 1254 4090 requisivi.

156 4111 282 4191 Quaem
296 4115 411 4198 pariter
432 4111 625 4194 adhucdum,
648 4113 775 4194 quinam
801 4109 935 4188 luerint,
957 4118 988 4168 et
1008 4127 1028 4168 a
1050 4125 1114 4190 qno
1139 4107 1179 4167 ad
1195 4125 1253 4166 no-
