<?xml version="1.0" encoding="UTF-8"?>
<!DOCTYPE html PUBLIC "-//W3C//DTD XHTML 1.0 Transitional//EN"
    "http://www.w3.org/TR/xhtml1/DTD/xhtml1-transitional.dtd">
<html xmlns="http://www.w3.org/1999/xhtml" xml:lang="en" lang="en">
 <head>
  <title>
</title>
<meta http-equiv="Content-Type" content="text/html;charset=utf-8" />
  <meta name='ocr-system' content='tesseract 3.04.00' />
  <meta name='ocr-capabilities' content='ocr_page ocr_carea ocr_par ocr_line ocrx_word'/>
</head>
<body>
  <div class='ocr_page' id='page_1' title='image "./corpusscriptoru40niebgoog_0289.png"; bbox 0 0 3042 4825; ppageno 0'>
   <div class='ocr_carea' id='block_1_1' title="bbox 328 200 1239 289">
    <p class='ocr_par' dir='ltr' id='par_1_1' title="bbox 328 200 1239 289">
     <span class='ocr_line' id='line_1_1' title="bbox 328 200 1239 289; baseline -0.01 -20"><span class='ocrx_word' id='word_1_1' title='bbox 328 208 381 271; x_wconf 82' lang='lat' dir='ltr'>na</span> <span class='ocrx_word' id='word_1_2' title='bbox 410 200 606 271; x_wconf 74' lang='lat' dir='ltr'>corrasor.</span> <span class='ocrx_word' id='word_1_3' title='bbox 635 204 1087 278; x_wconf 60' lang='lat' dir='ltr'>sauromathae.</span> <span class='ocrx_word' id='word_1_4' title='bbox 1166 204 1239 289; x_wconf 77' lang='grc' dir='ltr'><strong><em>ιρι</em></strong></span> 
     </span>
    </p>
   </div>
   <div class='ocr_carea' id='block_1_2' title="bbox 93 354 1349 2329">
    <p class='ocr_par' dir='ltr' id='par_1_2' title="bbox 93 354 1349 2329">
     <span class='ocr_line' id='line_1_2' title="bbox 154 354 1247 445; baseline -0.007 -16"><span class='ocrx_word' id='word_1_5' title='bbox 154 362 198 429; x_wconf 78' lang='grc' dir='ltr'><strong><em>τό</em></strong></span> <span class='ocrx_word' id='word_1_6' title='bbox 221 355 293 439; x_wconf 55' lang='lat' dir='ltr'>dila</span> <span class='ocrx_word' id='word_1_7' title='bbox 314 360 421 427; x_wconf 82' lang='grc' dir='ltr'><strong><em>σόιτόν</em></strong></span> <span class='ocrx_word' id='word_1_8' title='bbox 439 356 679 445; x_wconf 83' lang='grc' dir='ltr'><strong><em>σκαραμάγγια,</em></strong></span> <span class='ocrx_word' id='word_1_9' title='bbox 715 358 773 421; x_wconf 77' lang='grc' dir='ltr'><strong><em>κατ’</em></strong></span> <span class='ocrx_word' id='word_1_10' title='bbox 797 354 1010 442; x_wconf 78' lang='grc' dir='ltr'><strong><em>εἰσερχόμενοι</em></strong></span> <span class='ocrx_word' id='word_1_11' title='bbox 1029 357 1076 433; x_wconf 81' lang='grc' dir='ltr'><strong><em>εἷς</em></strong></span> <span class='ocrx_word' id='word_1_12' title='bbox 1093 354 1151 422; x_wconf 89' lang='grc' dir='ltr'><strong><em>τόν</em></strong></span> <span class='ocrx_word' id='word_1_13' title='bbox 1170 354 1247 443; x_wconf 85' lang='grc' dir='ltr'><strong><em>δρό-</em></strong></span> 
     </span>
     <span class='ocr_line' id='line_1_3' title="bbox 153 449 1247 545; baseline -0.005 -18"><span class='ocrx_word' id='word_1_14' title='bbox 153 484 270 543; x_wconf 83' lang='grc' dir='ltr'><strong><em>μοονα,</em></strong></span> <span class='ocrx_word' id='word_1_15' title='bbox 306 460 500 545; x_wconf 70' lang='grc' dir='ltr'><strong><em>ἀπέρχονται</em></strong></span> <span class='ocrx_word' id='word_1_16' title='bbox 532 458 567 523; x_wconf 79' lang='grc' dir='ltr'><strong><em>ἒν</em></strong></span> <span class='ocrx_word' id='word_1_17' title='bbox 594 459 639 544; x_wconf 74' lang='grc' dir='ltr'><strong><em>τῷ</em></strong></span> <span class='ocrx_word' id='word_1_18' title='bbox 669 456 734 545; x_wconf 75' lang='grc' dir='ltr'><strong><em>ναῷ</em></strong></span> <span class='ocrx_word' id='word_1_19' title='bbox 762 455 818 540; x_wconf 77' lang='grc' dir='ltr'><strong><em>τῆς</em></strong></span> <span class='ocrx_word' id='word_1_20' title='bbox 837 452 1011 540; x_wconf 80' lang='grc' dir='ltr'><strong><em>όπεραγίας</em></strong></span> <span class='ocrx_word' id='word_1_21' title='bbox 1032 449 1191 521; x_wconf 84' lang='grc' dir='ltr'><strong><em>Θεοτόκου</em></strong></span> <span class='ocrx_word' id='word_1_22' title='bbox 1211 458 1247 521; x_wconf 78' lang='grc' dir='ltr'><strong><em>όν</em></strong></span> 
     </span>
     <span class='ocr_line' id='line_1_4' title="bbox 153 550 1271 646; baseline -0.006 -20"><span class='ocrx_word' id='word_1_23' title='bbox 153 562 357 646; x_wconf 81' lang='grc' dir='ltr'><strong><em>βλαχόρναις,</em></strong></span> <span class='ocrx_word' id='word_1_24' title='bbox 377 559 413 624; x_wconf 76' lang='grc' dir='ltr'><strong><em>ἐν</em></strong></span> <span class='ocrx_word' id='word_1_25' title='bbox 432 561 469 623; x_wconf 79' lang='grc' dir='ltr'><strong><em>δὲ</em></strong></span> <span class='ocrx_word' id='word_1_26' title='bbox 488 558 533 645; x_wconf 73' lang='grc' dir='ltr'><strong><em>τῷ</em></strong></span> <span class='ocrx_word' id='word_1_27' title='bbox 555 558 655 621; x_wconf 77' lang='grc' dir='ltr'><strong><em>ἐκεῖσε</em></strong></span> <span class='ocrx_word' id='word_1_28' title='bbox 675 556 804 620; x_wconf 73' lang='grc' dir='ltr'><strong><em>κοιτῶνι</em></strong></span> <span class='ocrx_word' id='word_1_29' title='bbox 823 550 1018 619; x_wconf 74' lang='grc' dir='ltr'><strong><em>ἀλλάσσουσι</em></strong></span> <span class='ocrx_word' id='word_1_30' title='bbox 1039 550 1080 617; x_wconf 83' lang='grc' dir='ltr'><strong><em>τά</em></strong></span> <span class='ocrx_word' id='word_1_31' title='bbox 1093 556 1271 639; x_wconf 72' lang='grc' dir='ltr'><strong><em>πορφυρυῖο</em></strong></span> 
     </span>
     <span class='ocr_line' id='line_1_5' title="bbox 154 647 1246 744; baseline -0.008 -21"><span class='ocrx_word' id='word_1_32' title='bbox 154 656 326 744; x_wconf 72' lang='grc' dir='ltr'><strong><em>ἀιβρτὴσια</em></strong></span> <span class='ocrx_word' id='word_1_33' title='bbox 347 659 405 722; x_wconf 83' lang='grc' dir='ltr'><strong><em>καί</em></strong></span> <span class='ocrx_word' id='word_1_34' title='bbox 423 653 480 731; x_wconf 86' lang='grc' dir='ltr'><strong><em>τάς</em></strong></span> <span class='ocrx_word' id='word_1_35' title='bbox 499 654 617 721; x_wconf 72' lang='grc' dir='ltr'><strong><em>τούτων</em></strong></span> <span class='ocrx_word' id='word_1_36' title='bbox 632 654 813 737; x_wconf 76' lang='grc' dir='ltr'><strong><em>χλαμύδας.</em></strong></span> <span class='ocrx_word' id='word_1_37' title='bbox 855 653 975 733; x_wconf 76' lang='grc' dir='ltr'><strong><em>ἰστέον,</em></strong></span> <span class='ocrx_word' id='word_1_38' title='bbox 1004 647 1054 715; x_wconf 77' lang='grc' dir='ltr'><strong><em>ὅτι</em></strong></span> <span class='ocrx_word' id='word_1_39' title='bbox 1073 652 1114 739; x_wconf 79' lang='grc' dir='ltr'><strong><em>τῇ</em></strong></span> <span class='ocrx_word' id='word_1_40' title='bbox 1133 674 1246 736; x_wconf 86' lang='grc' dir='ltr'><strong><em>κυρια-</em></strong></span> 
     </span>
     <span class='ocr_line' id='line_1_6' title="bbox 127 748 1247 845; baseline -0.005 -24"><span class='ocrx_word' id='word_1_41' title='bbox 127 760 196 845; x_wconf 74' lang='grc' dir='ltr'><strong><em>5κῇ</em></strong></span> <span class='ocrx_word' id='word_1_42' title='bbox 215 762 272 843; x_wconf 73' lang='grc' dir='ltr'><strong><em>τῆς</em></strong></span> <span class='ocrx_word' id='word_1_43' title='bbox 291 752 480 843; x_wconf 75' lang='grc' dir='ltr'><strong><em>όρόοόοξόυς</em></strong></span> <span class='ocrx_word' id='word_1_44' title='bbox 511 750 724 821; x_wconf 70' lang='grc' dir='ltr'><strong><em>ἀλλάσσουσιν</em></strong></span> <span class='ocrx_word' id='word_1_45' title='bbox 753 750 785 817; x_wconf 87' lang='grc' dir='ltr'><strong><em>οἱ</em></strong></span> <span class='ocrx_word' id='word_1_46' title='bbox 805 749 956 817; x_wconf 84' lang='grc' dir='ltr'><strong><em>δεσπόται</em></strong></span> <span class='ocrx_word' id='word_1_47' title='bbox 983 748 1045 817; x_wconf 88' lang='grc' dir='ltr'><strong><em>ἀπό</em></strong></span> <span class='ocrx_word' id='word_1_48' title='bbox 1066 753 1125 817; x_wconf 78' lang='grc' dir='ltr'><strong><em>τοῦ</em></strong></span> <span class='ocrx_word' id='word_1_49' title='bbox 1143 756 1247 815; x_wconf 88' lang='grc' dir='ltr'><strong><em>παλα-</em></strong></span> 
     </span>
     <span class='ocr_line' id='line_1_7' title="bbox 148 848 1246 939; baseline -0.008 -15"><span class='ocrx_word' id='word_1_50' title='bbox 148 856 221 924; x_wconf 84' lang='grc' dir='ltr'><strong><em>τάνυ</em></strong></span> <span class='ocrx_word' id='word_1_51' title='bbox 240 855 281 923; x_wconf 86' lang='grc' dir='ltr'><strong><em>τά</em></strong></span> <span class='ocrx_word' id='word_1_52' title='bbox 301 854 375 937; x_wconf 78' lang='grc' dir='ltr'><strong><em>όξόα</em></strong></span> <span class='ocrx_word' id='word_1_53' title='bbox 395 852 516 923; x_wconf 84' lang='grc' dir='ltr'><strong><em>τσότιον</em></strong></span> <span class='ocrx_word' id='word_1_54' title='bbox 541 853 764 939; x_wconf 85' lang='grc' dir='ltr'><strong><em>σκαραμάγγιοι</em></strong></span> <span class='ocrx_word' id='word_1_55' title='bbox 788 852 845 917; x_wconf 72' lang='grc' dir='ltr'><strong><em>κατ’</em></strong></span> <span class='ocrx_word' id='word_1_56' title='bbox 873 849 914 917; x_wconf 84' lang='grc' dir='ltr'><strong><em>τά</em></strong></span> <span class='ocrx_word' id='word_1_57' title='bbox 943 848 1246 937; x_wconf 80' lang='grc' dir='ltr'><strong><em>χρυσοπεράιλειστα</em></strong></span> 
     </span>
     <span class='ocr_line' id='line_1_8' title="bbox 148 948 1247 1041; baseline -0.005 -20"><span class='ocrx_word' id='word_1_58' title='bbox 148 954 258 1039; x_wconf 79' lang='grc' dir='ltr'><strong><em>σπγιόι,</em></strong></span> <span class='ocrx_word' id='word_1_59' title='bbox 278 954 335 1023; x_wconf 82' lang='grc' dir='ltr'><strong><em>καό</em></strong></span> <span class='ocrx_word' id='word_1_60' title='bbox 353 950 542 1041; x_wconf 80' lang='grc' dir='ltr'><strong><em>ἀνόρχονται</em></strong></span> <span class='ocrx_word' id='word_1_61' title='bbox 562 954 598 1019; x_wconf 77' lang='grc' dir='ltr'><strong><em>ἐν</em></strong></span> <span class='ocrx_word' id='word_1_62' title='bbox 618 962 684 1029; x_wconf 83' lang='grc' dir='ltr'><strong><em>τοῖς</em></strong></span> <span class='ocrx_word' id='word_1_63' title='bbox 702 950 982 1038; x_wconf 73' lang='grc' dir='ltr'><strong><em>κατρχουμενειοις</em></strong></span> <span class='ocrx_word' id='word_1_64' title='bbox 1000 953 1058 1037; x_wconf 74' lang='grc' dir='ltr'><strong><em>τῆς</em></strong></span> <span class='ocrx_word' id='word_1_65' title='bbox 1077 948 1171 1034; x_wconf 83' lang='grc' dir='ltr'><strong><em>ἀγόας</em></strong></span> <span class='ocrx_word' id='word_1_66' title='bbox 1185 954 1247 1015; x_wconf 85' lang='grc' dir='ltr'><strong><em>Σο-</em></strong></span> 
     </span>
     <span class='ocr_line' id='line_1_9' title="bbox 148 1045 1245 1142; baseline -0.004 -23"><span class='ocrx_word' id='word_1_67' title='bbox 148 1053 247 1142; x_wconf 82' lang='grc' dir='ltr'><strong><em>φάις,</em></strong></span> <span class='ocrx_word' id='word_1_68' title='bbox 281 1050 406 1122; x_wconf 78' lang='grc' dir='ltr'><strong><em>κάκεῖσε</em></strong></span> <span class='ocrx_word' id='word_1_69' title='bbox 432 1048 626 1119; x_wconf 73' lang='grc' dir='ltr'><strong><em>ἀλλάσσουσι</em></strong></span> <span class='ocrx_word' id='word_1_70' title='bbox 651 1049 693 1117; x_wconf 83' lang='grc' dir='ltr'><strong><em>τά</em></strong></span> <span class='ocrx_word' id='word_1_71' title='bbox 721 1055 876 1138; x_wconf 78' lang='grc' dir='ltr'><strong><em>πορφυρᾶ</em></strong></span> <span class='ocrx_word' id='word_1_72' title='bbox 909 1048 1077 1136; x_wconf 75' lang='grc' dir='ltr'><strong><em>όιβρτὴσια</em></strong></span> <span class='ocrx_word' id='word_1_73' title='bbox 1104 1048 1161 1114; x_wconf 82' lang='grc' dir='ltr'><strong><em>καί</em></strong></span> <span class='ocrx_word' id='word_1_74' title='bbox 1187 1045 1245 1125; x_wconf 84' lang='grc' dir='ltr'><strong><em>τάς</em></strong></span> 
     </span>
     <span class='ocr_line' id='line_1_10' title="bbox 145 1142 1242 1239; baseline -0.007 -18"><span class='ocrx_word' id='word_1_75' title='bbox 145 1152 269 1221; x_wconf 75' lang='grc' dir='ltr'><strong><em>τούτων</em></strong></span> <span class='ocrx_word' id='word_1_76' title='bbox 287 1157 466 1239; x_wconf 77' lang='grc' dir='ltr'><strong><em>χλαμύδας,</em></strong></span> <span class='ocrx_word' id='word_1_77' title='bbox 487 1153 543 1218; x_wconf 80' lang='grc' dir='ltr'><strong><em>καί</em></strong></span> <span class='ocrx_word' id='word_1_78' title='bbox 561 1147 775 1226; x_wconf 84' lang='grc' dir='ltr'><strong><em>λιτανεόοντες</em></strong></span> <span class='ocrx_word' id='word_1_79' title='bbox 796 1148 1022 1217; x_wconf 79' lang='grc' dir='ltr'><strong><em>εἶσοδεόουσιν.</em></strong></span> <span class='ocrx_word' id='word_1_80' title='bbox 1055 1142 1119 1215; x_wconf 76' lang='grc' dir='ltr'><strong><em>εἷθ’</em></strong></span> <span class='ocrx_word' id='word_1_81' title='bbox 1139 1143 1242 1227; x_wconf 71' lang='grc' dir='ltr'><strong><em>οὕτως</em></strong></span> 
     </span>
     <span class='ocr_line' id='line_1_11' title="bbox 103 1245 1241 1339; baseline -0.005 -20"><span class='ocrx_word' id='word_1_82' title='bbox 103 1248 359 1339; x_wconf 81' lang='grc' dir='ltr'><strong><em>τοάνερχόμενοι</em></strong></span> <span class='ocrx_word' id='word_1_83' title='bbox 379 1256 414 1319; x_wconf 77' lang='grc' dir='ltr'><strong><em>ἐν</em></strong></span> <span class='ocrx_word' id='word_1_84' title='bbox 433 1258 500 1328; x_wconf 82' lang='grc' dir='ltr'><strong><em>τοϊς</em></strong></span> <span class='ocrx_word' id='word_1_85' title='bbox 519 1248 805 1336; x_wconf 73' lang='grc' dir='ltr'><strong><em>κατηχουμενειότς,</em></strong></span> <span class='ocrx_word' id='word_1_86' title='bbox 826 1248 978 1315; x_wconf 75' lang='grc' dir='ltr'><strong><em>ἀκούουσι</em></strong></span> <span class='ocrx_word' id='word_1_87' title='bbox 993 1250 1053 1315; x_wconf 81' lang='grc' dir='ltr'><strong><em>κου’</em></strong></span> <span class='ocrx_word' id='word_1_88' title='bbox 1071 1245 1164 1335; x_wconf 76' lang='grc' dir='ltr'><strong><em>άγόου</em></strong></span> <span class='ocrx_word' id='word_1_89' title='bbox 1184 1249 1241 1313; x_wconf 80' lang='grc' dir='ltr'><strong><em>εό-</em></strong></span> 
     </span>
     <span class='ocr_line' id='line_1_12' title="bbox 145 1342 1240 1439; baseline -0.002 -21"><span class='ocrx_word' id='word_1_90' title='bbox 145 1351 293 1438; x_wconf 75' lang='grc' dir='ltr'><strong><em>αγγελόοο</em></strong></span> <span class='ocrx_word' id='word_1_91' title='bbox 314 1356 372 1418; x_wconf 83' lang='grc' dir='ltr'><strong><em>καί</em></strong></span> <span class='ocrx_word' id='word_1_92' title='bbox 390 1351 582 1437; x_wconf 72' lang='grc' dir='ltr'><strong><em>ἀπέρχονται</em></strong></span> <span class='ocrx_word' id='word_1_93' title='bbox 601 1350 637 1413; x_wconf 77' lang='grc' dir='ltr'><strong><em>ἐν</em></strong></span> <span class='ocrx_word' id='word_1_94' title='bbox 655 1350 701 1438; x_wconf 72' lang='grc' dir='ltr'><strong><em>τῷ</em></strong></span> <span class='ocrx_word' id='word_1_95' title='bbox 720 1352 940 1438; x_wconf 79' lang='grc' dir='ltr'><strong><em>πατριαρχάρ.</em></strong></span> <span class='ocrx_word' id='word_1_96' title='bbox 981 1352 1106 1431; x_wconf 78' lang='grc' dir='ltr'><strong><em>ἰστέον,</em></strong></span> <span class='ocrx_word' id='word_1_97' title='bbox 1128 1342 1240 1439; x_wconf 76' lang='grc' dir='ltr'><strong><em>ὅτιτῇ</em></strong></span> 
     </span>
     <span class='ocr_line' id='line_1_13' title="bbox 143 1443 1240 1540; baseline -0.002 -24"><span class='ocrx_word' id='word_1_98' title='bbox 143 1449 243 1540; x_wconf 74' lang='grc' dir='ltr'><strong><em>ἑορτῇ</em></strong></span> <span class='ocrx_word' id='word_1_99' title='bbox 261 1452 320 1516; x_wconf 79' lang='grc' dir='ltr'><strong><em>τοῦ</em></strong></span> <span class='ocrx_word' id='word_1_100' title='bbox 339 1446 568 1535; x_wconf 81' lang='grc' dir='ltr'><strong><em>εόαγγελισμοῦ</em></strong></span> <span class='ocrx_word' id='word_1_101' title='bbox 592 1450 647 1535; x_wconf 77' lang='grc' dir='ltr'><strong><em>τῆς</em></strong></span> <span class='ocrx_word' id='word_1_102' title='bbox 672 1446 846 1537; x_wconf 79' lang='grc' dir='ltr'><strong><em>όπεραγίας</em></strong></span> <span class='ocrx_word' id='word_1_103' title='bbox 868 1443 1023 1515; x_wconf 83' lang='grc' dir='ltr'><strong><em>Θεοτόκον</em></strong></span> <span class='ocrx_word' id='word_1_104' title='bbox 1054 1451 1089 1514; x_wconf 80' lang='grc' dir='ltr'><strong><em>ἐν</em></strong></span> <span class='ocrx_word' id='word_1_105' title='bbox 1107 1452 1154 1538; x_wconf 74' lang='grc' dir='ltr'><strong><em>τῷ</em></strong></span> <span class='ocrx_word' id='word_1_106' title='bbox 1172 1472 1240 1515; x_wconf 90' lang='grc' dir='ltr'><strong><em>κοι-</em></strong></span> 
     </span>
     <span class='ocr_line' id='line_1_14' title="bbox 141 1544 1321 1638; baseline -0.002 -21"><span class='ocrx_word' id='word_1_107' title='bbox 141 1554 224 1617; x_wconf 76' lang='grc' dir='ltr'><strong><em>τῶνι</em></strong></span> <span class='ocrx_word' id='word_1_108' title='bbox 244 1550 300 1636; x_wconf 76' lang='grc' dir='ltr'><strong><em>τῆς</em></strong></span> <span class='ocrx_word' id='word_1_109' title='bbox 319 1551 443 1638; x_wconf 80' lang='grc' dir='ltr'><strong><em>δάφνης</em></strong></span> <span class='ocrx_word' id='word_1_110' title='bbox 465 1547 679 1616; x_wconf 86' lang='grc' dir='ltr'><strong><em>ἀλλάσσουσιν</em></strong></span> <span class='ocrx_word' id='word_1_111' title='bbox 699 1546 729 1613; x_wconf 80' lang='grc' dir='ltr'><strong><em>οῖ</em></strong></span> <span class='ocrx_word' id='word_1_112' title='bbox 750 1544 903 1615; x_wconf 76' lang='grc' dir='ltr'><strong><em>δεσπόται</em></strong></span> <span class='ocrx_word' id='word_1_113' title='bbox 923 1547 1091 1634; x_wconf 70' lang='grc' dir='ltr'><strong><em>διβητὴσια</em></strong></span> <span class='ocrx_word' id='word_1_114' title='bbox 1111 1570 1239 1636; x_wconf 85' lang='grc' dir='ltr'><strong><em>πορφυ-</em></strong></span> <span class='ocrx_word' id='word_1_115' title='bbox 1309 1546 1321 1599; x_wconf 71' lang='lat'><strong><em>¹</em></strong></span> 
     </span>
     <span class='ocr_line' id='line_1_15' title="bbox 144 1640 1349 1735; baseline -0.001 -21"><span class='ocrx_word' id='word_1_116' title='bbox 144 1652 190 1735; x_wconf 80' lang='grc' dir='ltr'><strong><em>ρᾶ</em></strong></span> <span class='ocrx_word' id='word_1_117' title='bbox 210 1653 265 1715; x_wconf 83' lang='grc' dir='ltr'><strong><em>κατ’</em></strong></span> <span class='ocrx_word' id='word_1_118' title='bbox 285 1646 342 1727; x_wconf 82' lang='grc' dir='ltr'><strong><em>τάς</em></strong></span> <span class='ocrx_word' id='word_1_119' title='bbox 361 1647 481 1714; x_wconf 77' lang='grc' dir='ltr'><strong><em>τούτων</em></strong></span> <span class='ocrx_word' id='word_1_120' title='bbox 498 1646 685 1731; x_wconf 78' lang='grc' dir='ltr'><strong><em>χλαμύδος,</em></strong></span> <span class='ocrx_word' id='word_1_121' title='bbox 714 1649 771 1714; x_wconf 83' lang='grc' dir='ltr'><strong><em>καί</em></strong></span> <span class='ocrx_word' id='word_1_122' title='bbox 795 1640 985 1735; x_wconf 79' lang='grc' dir='ltr'><strong><em>άνόρχονται</em></strong></span> <span class='ocrx_word' id='word_1_123' title='bbox 1010 1644 1090 1729; x_wconf 84' lang='grc' dir='ltr'><strong><em>μετά</em></strong></span> <span class='ocrx_word' id='word_1_124' title='bbox 1110 1649 1168 1732; x_wconf 82' lang='grc' dir='ltr'><strong><em>τῆς</em></strong></span> <span class='ocrx_word' id='word_1_125' title='bbox 1186 1654 1236 1713; x_wconf 82' lang='grc' dir='ltr'><strong><em>λι·</em></strong></span> <span class='ocrx_word' id='word_1_126' title='bbox 1341 1672 1349 1682; x_wconf 77' lang='grc'><em>’</em></span> 
     </span>
     <span class='ocr_line' id='line_1_16' title="bbox 102 1744 1269 1837; baseline 0.001 -24"><span class='ocrx_word' id='word_1_127' title='bbox 102 1752 202 1834; x_wconf 82' lang='grc' dir='ltr'><strong><em>ι5τῆς</em></strong></span> <span class='ocrx_word' id='word_1_128' title='bbox 221 1752 282 1828; x_wconf 60' lang='lat' dir='ltr'>iore</span> <span class='ocrx_word' id='word_1_129' title='bbox 302 1753 360 1815; x_wconf 80' lang='lat' dir='ltr'>rori</span> <span class='ocrx_word' id='word_1_130' title='bbox 379 1746 483 1837; x_wconf 85' lang='grc' dir='ltr'><strong><em>φόρου</em></strong></span> <span class='ocrx_word' id='word_1_131' title='bbox 494 1798 504 1829; x_wconf 86' lang='grc'>,</span> <span class='ocrx_word' id='word_1_132' title='bbox 527 1746 583 1813; x_wconf 73' lang='grc' dir='ltr'><strong><em>καὶ</em></strong></span> <span class='ocrx_word' id='word_1_133' title='bbox 600 1746 663 1813; x_wconf 86' lang='grc' dir='ltr'><strong><em>ἀπὸ</em></strong></span> <span class='ocrx_word' id='word_1_134' title='bbox 684 1750 741 1833; x_wconf 78' lang='grc' dir='ltr'><strong><em>τῆς</em></strong></span> <span class='ocrx_word' id='word_1_135' title='bbox 761 1749 907 1823; x_wconf 81' lang='grc' dir='ltr'><strong><em>ε’κτενοός</em></strong></span> <span class='ocrx_word' id='word_1_136' title='bbox 927 1748 1134 1831; x_wconf 77' lang='grc' dir='ltr'><strong><em>κατέρχονται</em></strong></span> <span class='ocrx_word' id='word_1_137' title='bbox 1152 1744 1269 1829; x_wconf 81' lang='grc' dir='ltr'><strong><em>μετάυ</em></strong></span> 
     </span>
     <span class='ocr_line' id='line_1_17' title="bbox 142 1843 1239 1935; baseline -0.003 -20"><span class='ocrx_word' id='word_1_138' title='bbox 142 1852 201 1935; x_wconf 71' lang='grc' dir='ltr'><strong><em>τῆς</em></strong></span> <span class='ocrx_word' id='word_1_139' title='bbox 220 1852 310 1935; x_wconf 76' lang='grc' dir='ltr'><strong><em>λιτῆς</em></strong></span> <span class='ocrx_word' id='word_1_140' title='bbox 330 1852 391 1926; x_wconf 76' lang='grc' dir='ltr'><strong><em>ἕως</em></strong></span> <span class='ocrx_word' id='word_1_141' title='bbox 409 1852 468 1914; x_wconf 79' lang='grc' dir='ltr'><strong><em>τοῦ</em></strong></span> <span class='ocrx_word' id='word_1_142' title='bbox 498 1850 577 1913; x_wconf 84' lang='grc' dir='ltr'><strong><em>ναοῦ</em></strong></span> <span class='ocrx_word' id='word_1_143' title='bbox 603 1850 659 1932; x_wconf 79' lang='grc' dir='ltr'><strong><em>τῆς</em></strong></span> <span class='ocrx_word' id='word_1_144' title='bbox 679 1846 858 1933; x_wconf 75' lang='grc' dir='ltr'><strong><em>ἀπιραγιίις</em></strong></span> <span class='ocrx_word' id='word_1_145' title='bbox 886 1843 1044 1912; x_wconf 79' lang='grc' dir='ltr'><strong><em>Θεοτόκου</em></strong></span> <span class='ocrx_word' id='word_1_146' title='bbox 1066 1849 1131 1911; x_wconf 87' lang='grc' dir='ltr'><strong><em>τοόν</em></strong></span> <span class='ocrx_word' id='word_1_147' title='bbox 1157 1852 1239 1930; x_wconf 89' lang='grc' dir='ltr'><strong><em>χαλ-</em></strong></span> 
     </span>
     <span class='ocr_line' id='line_1_18' title="bbox 139 1942 1238 2034; baseline 0 -21"><span class='ocrx_word' id='word_1_148' title='bbox 139 1946 353 2034; x_wconf 74' lang='grc' dir='ltr'><strong><em>κσπρατεόιον,</em></strong></span> <span class='ocrx_word' id='word_1_149' title='bbox 383 1948 508 2012; x_wconf 77' lang='grc' dir='ltr'><strong><em>κάκεῖσε</em></strong></span> <span class='ocrx_word' id='word_1_150' title='bbox 529 1946 729 2012; x_wconf 77' lang='grc' dir='ltr'><strong><em>ἀλλάσσουσι</em></strong></span> <span class='ocrx_word' id='word_1_151' title='bbox 749 1942 791 2011; x_wconf 90' lang='grc' dir='ltr'><strong><em>τά</em></strong></span> <span class='ocrx_word' id='word_1_152' title='bbox 814 1948 970 2033; x_wconf 77' lang='grc' dir='ltr'><strong><em>πορφυρᾶ</em></strong></span> <span class='ocrx_word' id='word_1_153' title='bbox 986 1948 1098 2032; x_wconf 84' lang='grc' dir='ltr'><strong><em>χρυσᾶ</em></strong></span> <span class='ocrx_word' id='word_1_154' title='bbox 1118 1969 1238 2031; x_wconf 86' lang='grc' dir='ltr'><strong><em>σκορα-</em></strong></span> 
     </span>
     <span class='ocr_line' id='line_1_19' title="bbox 137 2039 1321 2133; baseline 0.001 -23"><span class='ocrx_word' id='word_1_155' title='bbox 137 2046 271 2131; x_wconf 84' lang='grc' dir='ltr'><strong><em>μόγγισ,</em></strong></span> <span class='ocrx_word' id='word_1_156' title='bbox 294 2045 554 2133; x_wconf 80' lang='grc' dir='ltr'><strong><em>περιβαλλόμενοι</em></strong></span> <span class='ocrx_word' id='word_1_157' title='bbox 573 2043 630 2112; x_wconf 79' lang='grc' dir='ltr'><strong><em>καὶ</em></strong></span> <span class='ocrx_word' id='word_1_158' title='bbox 644 2042 686 2110; x_wconf 87' lang='grc' dir='ltr'><strong><em>τά</em></strong></span> <span class='ocrx_word' id='word_1_159' title='bbox 701 2044 825 2111; x_wconf 84' lang='grc' dir='ltr'><strong><em>τοότοον</em></strong></span> <span class='ocrx_word' id='word_1_160' title='bbox 844 2049 971 2113; x_wconf 71' lang='grc' dir='ltr'><strong><em>σπαθιλι</em></strong></span> <span class='ocrx_word' id='word_1_161' title='bbox 987 2043 1045 2112; x_wconf 77' lang='grc' dir='ltr'><strong><em>καὶ</em></strong></span> <span class='ocrx_word' id='word_1_162' title='bbox 1057 2048 1255 2129; x_wconf 78' lang='grc' dir='ltr'><strong><em>στόμματα,’</em></strong></span> <span class='ocrx_word' id='word_1_163' title='bbox 1316 2039 1321 2048; x_wconf 72' lang='grc'><strong>’</strong></span> 
     </span>
     <span class='ocr_line' id='line_1_20' title="bbox 139 2138 1236 2232; baseline 0.001 -23"><span class='ocrx_word' id='word_1_164' title='bbox 139 2140 194 2211; x_wconf 80' lang='grc' dir='ltr'><strong><em>οἷοι</em></strong></span> <span class='ocrx_word' id='word_1_165' title='bbox 213 2144 394 2226; x_wconf 85' lang='grc' dir='ltr'><strong><em>κελεόουσι,</em></strong></span> <span class='ocrx_word' id='word_1_166' title='bbox 416 2148 472 2212; x_wconf 83' lang='grc' dir='ltr'><strong><em>καί</em></strong></span> <span class='ocrx_word' id='word_1_167' title='bbox 490 2138 554 2210; x_wconf 88' lang='grc' dir='ltr'><strong><em>ἀπό</em></strong></span> <span class='ocrx_word' id='word_1_168' title='bbox 574 2146 632 2211; x_wconf 83' lang='grc' dir='ltr'><strong><em>τοό</em></strong></span> <span class='ocrx_word' id='word_1_169' title='bbox 655 2142 839 2229; x_wconf 68' lang='grc' dir='ltr'><strong><em>εὐαγγελίου</em></strong></span> <span class='ocrx_word' id='word_1_170' title='bbox 860 2144 1122 2232; x_wconf 72' lang='grc' dir='ltr'><strong><em>ὑποστρέφουσιν</em></strong></span> <span class='ocrx_word' id='word_1_171' title='bbox 1139 2141 1236 2232; x_wconf 79' lang='grc' dir='ltr'><strong><em>ἔφιπ-</em></strong></span> 
     </span>
     <span class='ocr_line' id='line_1_21' title="bbox 93 2242 587 2329; baseline -0.004 -18"><span class='ocrx_word' id='word_1_172' title='bbox 93 2266 194 2312; x_wconf 74' lang='grc' dir='ltr'><strong><em>ποποι</em></strong></span> <span class='ocrx_word' id='word_1_173' title='bbox 213 2242 296 2328; x_wconf 86' lang='grc' dir='ltr'><strong><em>μετά</em></strong></span> <span class='ocrx_word' id='word_1_174' title='bbox 318 2247 382 2310; x_wconf 78' lang='grc' dir='ltr'><strong><em>τῶν</em></strong></span> <span class='ocrx_word' id='word_1_175' title='bbox 399 2242 587 2329; x_wconf 77' lang='grc' dir='ltr'><strong><em>χασμάτων.</em></strong></span> 
     </span>
    </p>
   </div>
   <div class='ocr_carea' id='block_1_3' title="bbox 304 2410 1378 2621">
    <p class='ocr_par' dir='ltr' id='par_1_3' title="bbox 304 2410 1378 2621">
     <span class='ocr_line' id='line_1_22' title="bbox 596 2410 1378 2496; baseline 0.023 -19"><span class='ocrx_word' id='word_1_176' title='bbox 596 2410 702 2477; x_wconf 80' lang='grc' dir='ltr'><em>ΚΕΦ.</em></span> <span class='ocrx_word' id='word_1_177' title='bbox 720 2411 781 2496; x_wconf 83' lang='grc' dir='ltr'><strong><em>λη’.</em></strong></span> <span class='ocrx_word' id='word_1_178' title='bbox 1232 2431 1318 2487; x_wconf 71' lang='lat' dir='ltr'>adt.</span> <span class='ocrx_word' id='word_1_179' title='bbox 1329 2451 1337 2488; x_wconf 86' lang='grc' dir='ltr'><strong><em>ι</em></strong></span> <span class='ocrx_word' id='word_1_180' title='bbox 1347 2441 1378 2495; x_wconf 76' lang='lat'><strong><em>1³</em></strong></span> 
     </span>
     <span class='ocr_line' id='line_1_23' title="bbox 304 2541 1049 2621; baseline 0.001 -21"><span class='ocrx_word' id='word_1_181' title='bbox 304 2543 375 2600; x_wconf 82' lang='grc' dir='ltr'><strong><em>Ὅσα</em></strong></span> <span class='ocrx_word' id='word_1_182' title='bbox 387 2545 434 2600; x_wconf 79' lang='lat' dir='ltr'>dat</span> <span class='ocrx_word' id='word_1_183' title='bbox 443 2541 679 2619; x_wconf 75' lang='grc' dir='ltr'><strong><em>παραφυλάττειν</em></strong></span> <span class='ocrx_word' id='word_1_184' title='bbox 696 2547 747 2602; x_wconf 71' lang='grc' dir='ltr'><strong><em>ἐπὶ</em></strong></span> <span class='ocrx_word' id='word_1_185' title='bbox 759 2551 889 2621; x_wconf 74' lang='grc' dir='ltr'><strong><em>στεψλμρ</em></strong></span> <span class='ocrx_word' id='word_1_186' title='bbox 902 2551 1049 2617; x_wconf 70' lang='grc' dir='ltr'><strong><em>βασιλέως.</em></strong></span> 
     </span>
    </p>
   </div>
   <div class='ocr_carea' id='block_1_4' title="bbox 132 2659 1232 2852">
    <p class='ocr_par' dir='ltr' id='par_1_4' title="bbox 132 2659 1232 2852">
     <span class='ocr_line' id='line_1_24' title="bbox 219 2659 1232 2752; baseline 0.003 -22"><span class='ocrx_word' id='word_1_187' title='bbox 219 2667 445 2752; x_wconf 79' lang='grc' dir='ltr'><strong><em>Προέρχονται</em></strong></span> <span class='ocrx_word' id='word_1_188' title='bbox 464 2665 575 2742; x_wconf 84' lang='grc' dir='ltr'><strong><em>πάντες</em></strong></span> <span class='ocrx_word' id='word_1_189' title='bbox 592 2663 674 2748; x_wconf 89' lang='grc' dir='ltr'><strong><em>μετά</em></strong></span> <span class='ocrx_word' id='word_1_190' title='bbox 697 2659 898 2749; x_wconf 70' lang='grc' dir='ltr'><strong><em>ἀλλαξιμοιν,</em></strong></span> <span class='ocrx_word' id='word_1_191' title='bbox 922 2669 979 2734; x_wconf 75' lang='grc' dir='ltr'><strong><em>κατ’</em></strong></span> <span class='ocrx_word' id='word_1_192' title='bbox 998 2662 1151 2734; x_wconf 86' lang='grc' dir='ltr'><strong><em>ἀλλάσσει</em></strong></span> <span class='ocrx_word' id='word_1_193' title='bbox 1169 2669 1232 2733; x_wconf 84' lang='grc' dir='ltr'><strong><em>πά-</em></strong></span> 
     </span>
     <span class='ocr_line' id='line_1_25' title="bbox 132 2760 1231 2852; baseline 0 -19"><span class='ocrx_word' id='word_1_194' title='bbox 132 2791 177 2833; x_wconf 85' lang='grc' dir='ltr'><strong><em>σα</em></strong></span> <span class='ocrx_word' id='word_1_195' title='bbox 198 2764 219 2852; x_wconf 81' lang='grc' dir='ltr'><em>ἤ</em></span> <span class='ocrx_word' id='word_1_196' title='bbox 240 2763 410 2850; x_wconf 73' lang='grc' dir='ltr'><strong><em>σύγκλητος</em></strong></span> <span class='ocrx_word' id='word_1_197' title='bbox 437 2765 493 2829; x_wconf 81' lang='grc' dir='ltr'><em>καί</em></span> <span class='ocrx_word' id='word_1_198' title='bbox 515 2762 554 2830; x_wconf 88' lang='grc' dir='ltr'><strong><em>τά</em></strong></span> <span class='ocrx_word' id='word_1_199' title='bbox 577 2760 740 2848; x_wconf 79' lang='grc' dir='ltr'><strong><em>ἀξιώματα</em></strong></span> <span class='ocrx_word' id='word_1_200' title='bbox 762 2769 827 2831; x_wconf 70' lang='grc' dir='ltr'><strong><em>τοῖν</em></strong></span> <span class='ocrx_word' id='word_1_201' title='bbox 846 2771 971 2852; x_wconf 72' lang='grc' dir='ltr'><strong><em>σχολῶν</em></strong></span> <span class='ocrx_word' id='word_1_202' title='bbox 1001 2770 1058 2833; x_wconf 74' lang='grc' dir='ltr'><strong><em>καὶ</em></strong></span> <span class='ocrx_word' id='word_1_203' title='bbox 1074 2769 1138 2832; x_wconf 74' lang='grc' dir='ltr'><strong><em>τῶν</em></strong></span> <span class='ocrx_word' id='word_1_204' title='bbox 1163 2773 1231 2833; x_wconf 88' lang='grc' dir='ltr'><strong><em>λοι-</em></strong></span> 
     </span>
    </p>
   </div>
   <div class='ocr_carea' id='block_1_5' title="bbox 124 2917 1227 3745">
    <p class='ocr_par' dir='ltr' id='par_1_5' title="bbox 124 2917 1227 3745">
     <span class='ocr_line' id='line_1_26' title="bbox 131 2917 1227 2991; baseline 0.005 -21"><span class='ocrx_word' id='word_1_205' title='bbox 131 2917 263 2970; x_wconf 80' lang='lat' dir='ltr'>induunt</span> <span class='ocrx_word' id='word_1_206' title='bbox 298 2919 456 2982; x_wconf 86' lang='lat' dir='ltr'>Dominica,</span> <span class='ocrx_word' id='word_1_207' title='bbox 474 2919 575 2986; x_wconf 75' lang='lat' dir='ltr'>sarrotis</span> <span class='ocrx_word' id='word_1_208' title='bbox 590 2918 757 2991; x_wconf 83' lang='lat' dir='ltr'>imaginibus</span> <span class='ocrx_word' id='word_1_209' title='bbox 775 2918 911 2972; x_wconf 85' lang='lat' dir='ltr'>restitutis</span> <span class='ocrx_word' id='word_1_210' title='bbox 928 2937 1019 2984; x_wconf 86' lang='lat' dir='ltr'>saera,</span> <span class='ocrx_word' id='word_1_211' title='bbox 1038 2921 1170 2991; x_wconf 81' lang='lat' dir='ltr'>spalatio</span> <span class='ocrx_word' id='word_1_212' title='bbox 1184 2922 1227 2975; x_wconf 86' lang='grc' dir='ltr'><strong><em>τί-</em></strong></span> 
     </span>
     <span class='ocr_line' id='line_1_27' title="bbox 130 2987 1226 3060; baseline 0.005 -20"><span class='ocrx_word' id='word_1_213' title='bbox 130 2989 234 3041; x_wconf 86' lang='lat' dir='ltr'>olacoir</span> <span class='ocrx_word' id='word_1_214' title='bbox 250 2989 440 3057; x_wconf 77' lang='lat' dir='ltr'>scaramangiis</span> <span class='ocrx_word' id='word_1_215' title='bbox 458 2989 514 3041; x_wconf 86' lang='lat' dir='ltr'>suis</span> <span class='ocrx_word' id='word_1_216' title='bbox 530 2991 640 3060; x_wconf 78' lang='lat' dir='ltr'>stragis</span> <span class='ocrx_word' id='word_1_217' title='bbox 656 3005 724 3042; x_wconf 86' lang='lat' dir='ltr'>auro</span> <span class='ocrx_word' id='word_1_218' title='bbox 739 2991 853 3043; x_wconf 81' lang='lat' dir='ltr'>intextis</span> <span class='ocrx_word' id='word_1_219' title='bbox 864 2991 989 3054; x_wconf 80' lang='lat' dir='ltr'>veniant,</span> <span class='ocrx_word' id='word_1_220' title='bbox 1007 2991 1083 3043; x_wconf 83' lang='lat' dir='ltr'>etad</span> <span class='ocrx_word' id='word_1_221' title='bbox 1097 2987 1226 3045; x_wconf 73' lang='lat' dir='ltr'>catechu-</span> 
     </span>
     <span class='ocr_line' id='line_1_28' title="bbox 130 3059 1226 3132; baseline 0.003 -21"><span class='ocrx_word' id='word_1_222' title='bbox 130 3075 212 3111; x_wconf 85' lang='lat' dir='ltr'>mena</span> <span class='ocrx_word' id='word_1_223' title='bbox 226 3059 252 3111; x_wconf 84' lang='lat' dir='ltr'><strong><em>S.</em></strong></span> <span class='ocrx_word' id='word_1_224' title='bbox 266 3059 386 3129; x_wconf 77' lang='lat' dir='ltr'><strong>Sophiae</strong></span> <span class='ocrx_word' id='word_1_225' title='bbox 398 3063 547 3130; x_wconf 71' lang='lat' dir='ltr'>progressi,</span> <span class='ocrx_word' id='word_1_226' title='bbox 566 3077 704 3132; x_wconf 83' lang='lat' dir='ltr'>purpurea</span> <span class='ocrx_word' id='word_1_227' title='bbox 726 3059 880 3125; x_wconf 81' lang='lat' dir='ltr'>dibetosla‚</span> <span class='ocrx_word' id='word_1_228' title='bbox 898 3069 928 3113; x_wconf 87' lang='lat' dir='ltr'><strong><em>et</em></strong></span> <span class='ocrx_word' id='word_1_229' title='bbox 941 3079 1014 3132; x_wconf 85' lang='lat' dir='ltr'>quae</span> <span class='ocrx_word' id='word_1_230' title='bbox 1035 3062 1071 3113; x_wconf 88' lang='lat' dir='ltr'>ad</span> <span class='ocrx_word' id='word_1_231' title='bbox 1086 3078 1118 3114; x_wconf 90' lang='lat' dir='ltr'>ea</span> <span class='ocrx_word' id='word_1_232' title='bbox 1137 3065 1226 3132; x_wconf 82' lang='lat' dir='ltr'>perti-</span> 
     </span>
     <span class='ocr_line' id='line_1_29' title="bbox 129 3128 1224 3203; baseline 0.005 -23"><span class='ocrx_word' id='word_1_233' title='bbox 129 3139 201 3182; x_wconf 84' lang='lat' dir='ltr'>nent</span> <span class='ocrx_word' id='word_1_234' title='bbox 214 3128 368 3198; x_wconf 76' lang='lat' dir='ltr'>chlamydes</span> <span class='ocrx_word' id='word_1_235' title='bbox 386 3130 522 3196; x_wconf 87' lang='lat' dir='ltr'>induunt,</span> <span class='ocrx_word' id='word_1_236' title='bbox 541 3138 641 3183; x_wconf 88' lang='lat' dir='ltr'>etcum</span> <span class='ocrx_word' id='word_1_237' title='bbox 659 3131 770 3184; x_wconf 87' lang='lat' dir='ltr'>solenni</span> <span class='ocrx_word' id='word_1_238' title='bbox 783 3149 883 3203; x_wconf 88' lang='lat' dir='ltr'>pompa</span> <span class='ocrx_word' id='word_1_239' title='bbox 896 3132 1103 3201; x_wconf 81' lang='lat' dir='ltr'>ingrediuntur;</span> <span class='ocrx_word' id='word_1_240' title='bbox 1122 3133 1224 3186; x_wconf 83' lang='lat' dir='ltr'>deinde</span> 
     </span>
     <span class='ocr_line' id='line_1_30' title="bbox 128 3201 1223 3271; baseline 0.005 -21"><span class='ocrx_word' id='word_1_241' title='bbox 128 3215 208 3252; x_wconf 87' lang='lat' dir='ltr'>sacro</span> <span class='ocrx_word' id='word_1_242' title='bbox 222 3215 288 3252; x_wconf 81' lang='lat' dir='ltr'>eran</span> <span class='ocrx_word' id='word_1_243' title='bbox 308 3201 363 3252; x_wconf 89' lang='lat' dir='ltr'>elio</span> <span class='ocrx_word' id='word_1_244' title='bbox 376 3201 405 3252; x_wconf 87' lang='lat' dir='ltr'>ia</span> <span class='ocrx_word' id='word_1_245' title='bbox 420 3201 622 3254; x_wconf 83' lang='lat' dir='ltr'>catechumenia</span> <span class='ocrx_word' id='word_1_246' title='bbox 643 3202 754 3266; x_wconf 89' lang='lat' dir='ltr'>audito,</span> <span class='ocrx_word' id='word_1_247' title='bbox 785 3204 820 3255; x_wconf 90' lang='lat' dir='ltr'>ad</span> <span class='ocrx_word' id='word_1_248' title='bbox 833 3203 914 3254; x_wconf 88' lang='lat' dir='ltr'>aedes</span> <span class='ocrx_word' id='word_1_249' title='bbox 926 3205 1122 3271; x_wconf 72' lang='lat' dir='ltr'>patriarchales</span> <span class='ocrx_word' id='word_1_250' title='bbox 1133 3205 1223 3256; x_wconf 86' lang='lat' dir='ltr'>disee-</span> 
     </span>
     <span class='ocr_line' id='line_1_31' title="bbox 128 3269 1223 3344; baseline 0.004 -22"><span class='ocrx_word' id='word_1_251' title='bbox 128 3269 207 3322; x_wconf 81' lang='lat' dir='ltr'>duat.</span> <span class='ocrx_word' id='word_1_252' title='bbox 245 3273 276 3324; x_wconf 87' lang='lat' dir='ltr'><strong><em>In</em></strong></span> <span class='ocrx_word' id='word_1_253' title='bbox 304 3279 362 3323; x_wconf 85' lang='lat' dir='ltr'>esto</span> <span class='ocrx_word' id='word_1_254' title='bbox 374 3271 595 3326; x_wconf 81' lang='lat' dir='ltr'>annuntiationis</span> <span class='ocrx_word' id='word_1_255' title='bbox 620 3274 808 3326; x_wconf 83' lang='lat' dir='ltr'>sanctissimae</span> <span class='ocrx_word' id='word_1_256' title='bbox 819 3274 932 3344; x_wconf 82' lang='lat' dir='ltr'>virginis</span> <span class='ocrx_word' id='word_1_257' title='bbox 946 3275 1082 3344; x_wconf 72' lang='grc' dir='ltr'><strong><em>Πείραντα</em></strong></span> <span class='ocrx_word' id='word_1_258' title='bbox 1099 3277 1130 3327; x_wconf 83' lang='lat' dir='ltr'><strong><em>in</em></strong></span> <span class='ocrx_word' id='word_1_259' title='bbox 1143 3275 1223 3327; x_wconf 85' lang='lat' dir='ltr'>eubi-</span> 
     </span>
     <span class='ocr_line' id='line_1_32' title="bbox 128 3339 1222 3416; baseline 0.005 -24"><span class='ocrx_word' id='word_1_260' title='bbox 128 3342 193 3392; x_wconf 84' lang='lat' dir='ltr'>culo</span> <span class='ocrx_word' id='word_1_261' title='bbox 214 3339 336 3410; x_wconf 83' lang='lat' dir='ltr'>daphnes</span> <span class='ocrx_word' id='word_1_262' title='bbox 355 3341 491 3394; x_wconf 82' lang='lat' dir='ltr'>dibetosia</span> <span class='ocrx_word' id='word_1_263' title='bbox 505 3359 644 3414; x_wconf 85' lang='lat' dir='ltr'>purpurea</span> <span class='ocrx_word' id='word_1_264' title='bbox 662 3360 694 3395; x_wconf 88' lang='lat' dir='ltr'>ao</span> <span class='ocrx_word' id='word_1_265' title='bbox 713 3343 817 3396; x_wconf 87' lang='lat' dir='ltr'>slmiles</span> <span class='ocrx_word' id='word_1_266' title='bbox 835 3345 942 3396; x_wconf 84' lang='lat' dir='ltr'>tunicas</span> <span class='ocrx_word' id='word_1_267' title='bbox 953 3345 1062 3410; x_wconf 84' lang='lat' dir='ltr'>induti,</span> <span class='ocrx_word' id='word_1_268' title='bbox 1080 3363 1141 3398; x_wconf 88' lang='lat' dir='ltr'><strong><em>cum</em></strong></span> <span class='ocrx_word' id='word_1_269' title='bbox 1155 3363 1222 3416; x_wconf 80' lang='lat' dir='ltr'>pro-</span> 
     </span>
     <span class='ocr_line' id='line_1_33' title="bbox 127 3411 1224 3485; baseline 0.005 -24"><span class='ocrx_word' id='word_1_270' title='bbox 127 3411 253 3463; x_wconf 77' lang='lat' dir='ltr'><strong>cessione</strong></span> <span class='ocrx_word' id='word_1_271' title='bbox 265 3412 300 3462; x_wconf 83' lang='lat' dir='ltr'>ad</span> <span class='ocrx_word' id='word_1_272' title='bbox 313 3411 422 3477; x_wconf 84' lang='lat' dir='ltr'>lorum,</span> <span class='ocrx_word' id='word_1_273' title='bbox 441 3413 507 3465; x_wconf 85' lang='lat' dir='ltr'>inde</span> <span class='ocrx_word' id='word_1_274' title='bbox 521 3421 584 3484; x_wconf 87' lang='lat' dir='ltr'>post</span> <span class='ocrx_word' id='word_1_275' title='bbox 600 3421 739 3467; x_wconf 80' lang='lat' dir='ltr'>extensam</span> <span class='ocrx_word' id='word_1_276' title='bbox 753 3415 790 3466; x_wconf 84' lang='lat' dir='ltr'>ad</span> <span class='ocrx_word' id='word_1_277' title='bbox 804 3416 938 3484; x_wconf 82' lang='lat' dir='ltr'>ternplum</span> <span class='ocrx_word' id='word_1_278' title='bbox 960 3417 986 3469; x_wconf 85' lang='lat' dir='ltr'><strong><em>S.</em></strong></span> <span class='ocrx_word' id='word_1_279' title='bbox 999 3418 1135 3485; x_wconf 83' lang='lat' dir='ltr'>Doiparae</span> <span class='ocrx_word' id='word_1_280' title='bbox 1148 3415 1224 3468; x_wconf 86' lang='lat' dir='ltr'>chal-</span> 
     </span>
     <span class='ocr_line' id='line_1_34' title="bbox 126 3485 1223 3559; baseline 0.007 -28"><span class='ocrx_word' id='word_1_281' title='bbox 126 3491 319 3551; x_wconf 83' lang='lat' dir='ltr'>coprateorum</span> <span class='ocrx_word' id='word_1_282' title='bbox 336 3485 565 3553; x_wconf 81' lang='lat' dir='ltr'>progrediuntur,</span> <span class='ocrx_word' id='word_1_283' title='bbox 585 3485 633 3536; x_wconf 87' lang='lat' dir='ltr'><strong><em>ubi</em></strong></span> <span class='ocrx_word' id='word_1_284' title='bbox 653 3487 799 3556; x_wconf 88' lang='lat' dir='ltr'>purpureis</span> <span class='ocrx_word' id='word_1_285' title='bbox 817 3486 964 3558; x_wconf 73' lang='lat' dir='ltr'>aureisque</span> <span class='ocrx_word' id='word_1_286' title='bbox 975 3490 1167 3559; x_wconf 74' lang='lat' dir='ltr'>scaramangiis</span> <span class='ocrx_word' id='word_1_287' title='bbox 1178 3489 1223 3538; x_wconf 88' lang='lat' dir='ltr'><strong><em>ia·</em></strong></span> 
     </span>
     <span class='ocr_line' id='line_1_35' title="bbox 126 3551 1222 3628; baseline 0.007 -26"><span class='ocrx_word' id='word_1_288' title='bbox 126 3551 203 3616; x_wconf 84' lang='lat' dir='ltr'>duli,</span> <span class='ocrx_word' id='word_1_289' title='bbox 222 3554 336 3626; x_wconf 74' lang='lat' dir='ltr'>suisque</span> <span class='ocrx_word' id='word_1_290' title='bbox 352 3554 466 3622; x_wconf 75' lang='lat' dir='ltr'>gladiis,</span> <span class='ocrx_word' id='word_1_291' title='bbox 491 3563 521 3608; x_wconf 84' lang='lat' dir='ltr'><strong><em>et</em></strong></span> <span class='ocrx_word' id='word_1_292' title='bbox 554 3555 637 3608; x_wconf 87' lang='lat' dir='ltr'>uibus</span> <span class='ocrx_word' id='word_1_293' title='bbox 654 3557 754 3608; x_wconf 82' lang='lat' dir='ltr'>volunt</span> <span class='ocrx_word' id='word_1_294' title='bbox 765 3557 874 3610; x_wconf 86' lang='lat' dir='ltr'>coronis</span> <span class='ocrx_word' id='word_1_295' title='bbox 887 3557 988 3623; x_wconf 84' lang='lat' dir='ltr'>cincti,</span> <span class='ocrx_word' id='word_1_296' title='bbox 1006 3559 1123 3624; x_wconf 82' lang='lat' dir='ltr'>adsunt,</span> <span class='ocrx_word' id='word_1_297' title='bbox 1141 3574 1222 3628; x_wconf 85' lang='lat' dir='ltr'>proe-</span> 
     </span>
     <span class='ocr_line' id='line_1_36' title="bbox 124 3621 1221 3742; baseline 0.01 -70"><span class='ocrx_word' id='word_1_298' title='bbox 124 3621 198 3742; x_wconf 50' lang='lat' dir='ltr'>Leeto</span> <span class='ocrx_word' id='word_1_299' title='bbox 219 3638 285 3676; x_wconf 82' lang='lat' dir='ltr'>vero</span> <span class='ocrx_word' id='word_1_300' title='bbox 307 3625 463 3696; x_wconf 76' lang='lat' dir='ltr'>evangalio,</span> <span class='ocrx_word' id='word_1_301' title='bbox 483 3641 562 3698; x_wconf 78' lang='lat' dir='ltr'>equas</span> <span class='ocrx_word' id='word_1_302' title='bbox 580 3627 650 3679; x_wconf 82' lang='lat' dir='ltr'>circa</span> <span class='ocrx_word' id='word_1_303' title='bbox 668 3627 770 3680; x_wconf 87' lang='lat' dir='ltr'>collum</span> <span class='ocrx_word' id='word_1_304' title='bbox 786 3627 903 3699; x_wconf 86' lang='lat' dir='ltr'>pulchre</span> <span class='ocrx_word' id='word_1_305' title='bbox 918 3630 1022 3685; x_wconf 81' lang='lat' dir='ltr'>orastis</span> <span class='ocrx_word' id='word_1_306' title='bbox 1042 3628 1154 3683; x_wconf 86' lang='lat' dir='ltr'>domum</span> <span class='ocrx_word' id='word_1_307' title='bbox 1172 3645 1221 3683; x_wconf 80' lang='lat' dir='ltr'><strong><em>re·</em></strong></span> 
     </span>
     <span class='ocr_line' id='line_1_37' title="bbox 148 3699 239 3745; baseline -0.011 -1"><span class='ocrx_word' id='word_1_308' title='bbox 148 3699 239 3745; x_wconf 83' lang='lat' dir='ltr'>untur.</span> 
     </span>
    </p>
   </div>
   <div class='ocr_carea' id='block_1_6' title="bbox 361 3801 991 3980">
    <p class='ocr_par' dir='ltr' id='par_1_6' title="bbox 361 3801 991 3980">
     <span class='ocr_line' id='line_1_38' title="bbox 607 3801 743 3862; baseline 0.051 -7"><span class='ocrx_word' id='word_1_309' title='bbox 607 3801 680 3856; x_wconf 74' lang='lat' dir='ltr'>cir.</span> <span class='ocrx_word' id='word_1_310' title='bbox 700 3805 743 3862; x_wconf 78' lang='lat'><strong><em>³8.</em></strong></span> 
     </span>
     <span class='ocr_line' id='line_1_39' title="bbox 361 3899 991 3980; baseline 0.008 -24"><span class='ocrx_word' id='word_1_311' title='bbox 361 3899 543 3957; x_wconf 79' lang='grc' dir='ltr'><strong><em>Οόιινυππάο</em></strong></span> <span class='ocrx_word' id='word_1_312' title='bbox 555 3905 586 3957; x_wconf 83' lang='lat' dir='ltr'><strong><em>irs</em></strong></span> <span class='ocrx_word' id='word_1_313' title='bbox 606 3907 791 3960; x_wconf 77' lang='lat' dir='ltr'>coronatione</span> <span class='ocrx_word' id='word_1_314' title='bbox 805 3907 991 3980; x_wconf 81' lang='lat' dir='ltr'>Imperatoris.</span> 
     </span>
    </p>
   </div>
   <div class='ocr_carea' id='block_1_7' title="bbox 122 4020 1217 4170">
    <p class='ocr_par' dir='ltr' id='par_1_7' title="bbox 122 4020 1217 4170">
     <span class='ocr_line' id='line_1_40' title="bbox 198 4020 1217 4100; baseline 0.009 -27"><span class='ocrx_word' id='word_1_315' title='bbox 198 4020 301 4074; x_wconf 84' lang='lat' dir='ltr'>Omnes</span> <span class='ocrx_word' id='word_1_316' title='bbox 315 4023 344 4074; x_wconf 89' lang='lat' dir='ltr'>ia</span> <span class='ocrx_word' id='word_1_317' title='bbox 358 4025 514 4079; x_wconf 72' lang='lat' dir='ltr'>mutatoriis</span> <span class='ocrx_word' id='word_1_318' title='bbox 531 4025 701 4095; x_wconf 85' lang='lat' dir='ltr'>procedunt,</span> <span class='ocrx_word' id='word_1_319' title='bbox 718 4035 864 4098; x_wconf 83' lang='lat' dir='ltr'>vestesque</span> <span class='ocrx_word' id='word_1_320' title='bbox 879 4036 989 4082; x_wconf 86' lang='lat' dir='ltr'>senatos</span> <span class='ocrx_word' id='word_1_321' title='bbox 1000 4029 1104 4094; x_wconf 84' lang='lat' dir='ltr'>omnis,</span> <span class='ocrx_word' id='word_1_322' title='bbox 1120 4045 1217 4100; x_wconf 82' lang='lat' dir='ltr'>prote·</span> 
     </span>
     <span class='ocr_line' id='line_1_41' title="bbox 122 4089 1215 4170; baseline 0.012 -26"><span class='ocrx_word' id='word_1_323' title='bbox 122 4103 167 4144; x_wconf 83' lang='lat' dir='ltr'><strong><em>res</em></strong></span> <span class='ocrx_word' id='word_1_324' title='bbox 196 4089 353 4148; x_wconf 81' lang='lat' dir='ltr'>scholarum</span> <span class='ocrx_word' id='word_1_325' title='bbox 374 4111 406 4148; x_wconf 83' lang='lat' dir='ltr'>ae</span> <span class='ocrx_word' id='word_1_326' title='bbox 427 4101 580 4152; x_wconf 77' lang='lat' dir='ltr'>ceterorum</span> <span class='ocrx_word' id='word_1_327' title='bbox 602 4095 757 4154; x_wconf 75' lang='lat' dir='ltr'>officiorum</span> <span class='ocrx_word' id='word_1_328' title='bbox 778 4107 901 4166; x_wconf 79' lang='lat' dir='ltr'>mutant,</span> <span class='ocrx_word' id='word_1_329' title='bbox 927 4107 957 4153; x_wconf 88' lang='lat' dir='ltr'><strong><em>et</em></strong></span> <span class='ocrx_word' id='word_1_330' title='bbox 971 4116 1035 4156; x_wconf 81' lang='lat' dir='ltr'>rasa</span> <span class='ocrx_word' id='word_1_331' title='bbox 1054 4117 1104 4156; x_wconf 82' lang='lat' dir='ltr'>serr</span> <span class='ocrx_word' id='word_1_332' title='bbox 1123 4116 1215 4170; x_wconf 78' lang='lat' dir='ltr'>arara,</span> 
     </span>
    </p>
   </div>
   <div class='ocr_carea' id='block_1_8' title="bbox 0 0 1526 4825">
    <p class='ocr_par' dir='ltr' id='par_1_8' title="bbox 0 0 1526 4825">
     <span class='ocr_line' id='line_1_42' title="bbox 0 0 1526 4825; baseline 0 10"><span class='ocrx_word' id='word_1_333' title='bbox 0 0 1526 4825; x_wconf 95' lang='lat' dir='ltr'><strong><em> </em></strong></span> 
     </span>
    </p>
   </div>
  </div>
 </body>
</html>
