3042 4825
310 220 365 282 ne
394 213 593 280 aminon.
622 215 758 282 auiae
788 213 958 278 emur.
992 216 1033 277 ιι.
1056 216 1107 286 52
1170 182 1254 298 745

164 369 288 445 πάντας
308 373 343 438 έν
365 373 406 460 τῇ
428 371 533 437 αάτάν
553 366 726 453 ἀνακλήσει
747 365 1002 456 χλανιάοφάρους
1021 369 1262 447 έστολισμένους

164 468 245 535 κατά
267 469 303 535 τά
327 468 410 536 ἴδιον
429 474 555 557 σχῆμα·
596 467 672 546 τούς
693 472 729 535 δὲ
756 467 934 544 οἰκειακοάς
952 466 1262 553 πρωτοσπαθαρέους

163 567 246 650 μετά
275 573 340 636 τάν
368 573 490 638 οἰκιέων
516 572 653 637 σπεκίων
680 571 738 636 καί
764 568 875 657 ρ’ωέων
899 569 1040 652 σαγέων,
1074 566 1261 654 έμπροσθάρ

163 670 211 757 τῷ
231 670 390 754 σχήματι,
422 668 532 746 sedric
562 664 708 756 ἀνωτέρω
737 666 932 755 δεδήλωται.
971 669 1008 734 έν
1028 669 1065 732 δὲ
1084 675 1151 741 τοῖς
1169 668 1264 750 πέριξ

145 765 349 850 ὁάκευβέτσις
369 773 424 836 δεῖ
446 777 556 838 καλεῖν
581 773 634 856 ἀφ’
655 763 789 856 ἑκάτερα
816 773 901 854 μέρη
929 769 985 834 ε’πί
1003 764 1062 830 δάο
1085 765 1263 846 ἀκσυβίτων
1314 760 1321 777 ’

163 865 350 950 βασιλικοάς
381 869 571 958 ἀνθρώπους
602 867 666 936 ἀπὸ
688 871 746 956 τῆς
766 869 831 934 τάν
851 863 1202 952 σπαθαρσκανάιάάτων
1221 861 1263 928 ἀ-

165 967 236 1042 ξίας
255 966 312 1034 κατ’
332 973 517 1058 κατωτέρω·
560 973 595 1036 ἐν
615 973 651 1036 ἀὲ
673 977 741 1044 τοῖς
759 975 882 1043 λοιποῖς
909 961 1091 1047 ἀκουβιτοις
1118 956 1263 1037 ἅπαντας

163 1065 240 1142 ῐῠῦς
261 1061 421 1154 ἄρχοντας
438 1073 495 1136 τοῦ
515 1070 677 1155 τάγματος
696 1070 760 1134 τάν
780 1069 904 1152 σχολῶν
910 1119 920 1150 ,
949 1059 1017 1130 οἷον
1035 1058 1262 1147 τοπστηρηεῆν,

164 1167 197 1230 εἰ
213 1165 309 1250 τάχοι
328 1168 429 1236 adeda
450 1163 531 1252 εἶναι
549 1166 903 1256 σπαθαροκανδιδάτον,
936 1161 1014 1240 τούς
1041 1157 1177 1246 κόμητας
1196 1162 1294 1226 rainl)

128 1270 307 1350 ιοσχολάν,
330 1271 535 1352 ἀομεστάιους
554 1273 618 1337 τάν
637 1272 779 1354 σχολῶν,
800 1265 856 1333 τὸν
873 1268 1071 1353 προέξημον,
1092 1257 1264 1347 προτὴκτο-

165 1387 234 1449 ρας,
256 1365 504 1456 εάτυχοφόρους,
527 1370 808 1456 σκηπτρυφόρους,
830 1361 1079 1448 ἀξιωματικούς,
1101 1358 1263 1443 μανάάτο-

164 1487 235 1550 ρας,
255 1464 313 1531 τάν
331 1466 471 1553 ἀριθμὸν
492 1466 554 1552 σμ’,
580 1471 636 1534 καί
653 1471 794 1554 πένητας
813 1463 869 1532 τάν
889 1463 1031 1547 ἀριθμόν
1051 1458 1102 1545 ιβ·
1125 1457 1263 1542 εἰσάγειν

164 1565 203 1628 δέ
222 1565 341 1643 αάτσάς
361 1569 396 1633 ἐν
423 1570 465 1657 τῇ
486 1564 658 1654 ἀνακλήσει
676 1565 758 1651 μετά
776 1570 842 1633 τάν
863 1565 986 1631 οἰκείων
1005 1555 1262 1645 σκαραμαγγιων,

163 1659 219 1728 τὸν
248 1666 285 1730 δέ
304 1664 521 1752 τοπστηρητῆν
543 1669 600 1732 καὶ
625 1664 865 1754 χορτουλάριον
895 1667 955 1728 τοῦ
985 1661 1084 1726 αάτοῦ
1102 1656 1264 1742 τάγματος

129 1761 247 1845 raptui
277 1765 334 1830 καὶ
361 1768 483 1850 σαγέων
512 1762 641 1852 ῥωέων,
682 1763 829 1850 δηλονότι
854 1761 1128 1851 προπορευομένου
1155 1758 1265 1831 αάτοῖς

162 1865 224 1928 τοῦ
253 1863 435 1949 ἀρτικλένου
463 1865 545 1932 κατά
576 1864 634 1931 τάν
663 1865 890 1950 προγραφέντα
916 1859 1033 1928 τάπον.
1075 1855 1132 1924 ἐπὶ
1150 1860 1187 1922 δέ
1203 1856 1262 1940 τῆς

163 1965 269 2047 τράης
298 1963 422 2050 ἡμέρας
452 1967 518 2030 τάν
548 1959 655 2030 adroic
683 1960 860 2045 ἀκουβίτων
888 1964 942 2026 δεῖ
962 1956 1045 2045 ἡμᾶς
1065 1951 1261 2044 εάτρεπέζειν

163 2063 211 2136 εἰς
231 2059 440 2148 πρόσκλησιν,
461 2065 496 2129 έν
515 2067 577 2145 μέν
596 2063 634 2152 τῇ
653 2066 806 2150 βασιλικῇ
824 2063 965 2149 τραπέζῃ
991 2052 1150 2145 ἀρχοντας
1168 2061 1408 2138 emanantis

164 2157 280 2236 στάνας
298 2161 374 2238 τούς
394 2159 543 2251 ἀνωτέρω
563 2163 618 2228 ε’πὶ
636 2163 695 2247 τῆς
715 2162 869 2247 δευτέρας
887 2156 1009 2246 ἡμέρας
1025 2157 1264 2244 μνημονευθέν-
1340 2162 1346 2181 “

122 2285 220 2336 nasac
248 2260 304 2326 τάν
334 2259 475 2349 ἀριθμὸν
502 2261 556 2345 ιβ,
591 2263 836 2349 ἀφαιρουμένου
868 2260 929 2343 μέν
954 2260 1014 2323 τοῦ
1046 2259 1109 2322 τῶν
1137 2257 1262 2339 σχολῶν

164 2359 370 2444 ἀομεστάιου,
403 2356 614 2438 ἀντεισιόνιος
634 2364 671 2428 δὲ
691 2363 775 2427 κατὰ
795 2357 894 2427 τύπον
913 2361 971 2426 τοῦ
990 2353 1175 2439 ἀομεοτάιου
1196 2356 1262 2421 τάν

162 2462 390 2545 έξσκουβέτων,
418 2458 556 2545 εἰσάγειν
584 2463 621 2527 δὲ
650 2458 770 2536 oriende
792 2462 828 2525 έν
846 2462 886 2545 τῇ
906 2458 1078 2541 ἀνακλήσει
1104 2451 1185 2519 κατά
1205 2452 1262 2518 τάν

161 2562 396 2645 προδειχθέντα
420 2558 539 2627 τύπον.
578 2562 614 2627 ἐν
633 2562 670 2625 δέ
687 2567 752 2636 τοῖς
773 2553 933 2643 ἑκατέροις
952 2556 1017 2621 τάν
1034 2555 1143 2641 μεροῖν
1164 2547 1263 2619 daos-

234 2712 258 2765 5.
273 2710 322 2765 ἐπὶ
339 2728 391 2765 em.
405 2714 455 2777 lt,
471 2708 530 2766 ἀπὸ
550 2711 609 2767 cod.
624 2722 653 2768 et
674 2714 716 2767 ed.

162 2845 350 2902 cerimonialis
367 2862 427 2899 esse
449 2847 535 2902 debet
553 2847 718 2903 domesticus
740 2847 903 2901 scholarum.
949 2846 1016 2900 Illos
1034 2860 1129 2899 omnes
1149 2850 1262 2913 oportet

161 2915 267 2969 viritim
286 2925 412 2971 evocatos
431 2920 461 2971 in
479 2920 582 2971 tunicis
599 2920 735 2987 peculiari
763 2918 847 2973 modo
872 2917 1049 2971 conformatis
1073 2914 1260 2970 introducere.

161 2986 335 3040 Domesticos
353 2994 446 3041 autern
465 2989 699 3060 protospatharios
720 3006 782 3042 cum
802 2989 989 3058 peculiaribus
1007 2986 1061 3041 sibi
1079 2986 1136 3039 suis
1158 2986 1260 3054 speciis

163 3065 193 3109 et
211 3060 281 3127 sagis
299 3060 383 3110 russia
401 3067 465 3111 ante
483 3076 605 3112 mensam
623 3078 727 3114 sacram
745 3069 875 3122 statuere,
889 3068 1012 3127 utsupra
1030 3057 1197 3109 declaratum
1208 3066 1260 3111 cst.

161 3125 204 3179 Ad
218 3127 359 3181 accubitos
369 3136 471 3192 autem,
483 3132 533 3200 qui
550 3146 653 3183 sacram
671 3148 794 3185 mensam
802 3149 837 3184 ex
851 3137 968 3201 utraque
981 3136 1060 3199 parte
1072 3128 1260 3191 circumstant,

163 3206 276 3267 oportet
298 3215 425 3259 evocare,
445 3208 474 3253 et
491 3200 527 3253 ad
545 3192 681 3283 proximas
702 3202 815 3273 quidem
840 3200 906 3253 duas
931 3200 1058 3253 homines
1084 3197 1261 3267 imperiales,

162 3284 179 3319 a
192 3266 529 3336 spatharocandidatorum
542 3274 608 3325 sncle
625 3273 759 3341 dignitate
775 3273 854 3325 etsie
867 3289 949 3341 porro
963 3270 1122 3334 inferiores,
1138 3270 1174 3321 ad
1190 3269 1260 3321 reli-

162 3356 232 3410 quas
247 3337 366 3393 sedecim
388 3354 452 3394 vero
464 3358 507 3393 ma
528 3341 639 3397 istratus
658 3343 783 3412 tagmatis
796 3341 959 3407 scholarum,
976 3348 1007 3393 ut
1024 3348 1219 3411 tepoteretam,
1232 3339 1258 3391 sl

162 3410 246 3461 simul
263 3410 301 3463 sit
319 3410 497 3480 spatharoean
519 3412 610 3468 idatus
617 3452 628 3478 ,
646 3416 758 3468 comites
776 3412 948 3476 scholarum,
972 3412 1143 3481 proximum,
1160 3419 1258 3481 prote·

151 3488 267 3544 totores,
287 3480 537 3551 eutychiophoros,
555 3484 785 3555 sceptrophoros,
803 3485 996 3545 axiomaticos,
1021 3481 1208 3544 mandatores,
1226 3483 1259 3535 in

159 3553 319 3605 universum
338 3552 400 3619 ato,
417 3560 446 3605 et
457 3570 590 3622 pauperes
608 3555 764 3610 duodecim.
799 3554 918 3623 Oportet
933 3562 1026 3607 antem
1043 3554 1259 3623 suprascriptos

162 3632 289 3675 evocatos
306 3623 482 3676 introducere
500 3626 531 3677 in
549 3628 606 3678 suis
625 3626 680 3679 sibi
703 3625 904 3695 scaramangiis.
947 3624 1116 3693 Topotercta
1140 3638 1206 3677 vero
1229 3630 1259 3676 et

160 3692 341 3748 chartularius
360 3694 484 3747 eiusdem
502 3698 629 3765 tagmutis
648 3699 731 3751 ctiam
749 3698 780 3749 in
797 3696 868 3767 sagis
886 3696 970 3748 russia
988 3696 1150 3755 introcunt,
1196 3710 1258 3747 rac-

162 3762 277 3818 cedente
295 3766 370 3835 ipsos
389 3765 516 3819 articlino
534 3768 684 3820 secundum
702 3768 848 3821 formulam
873 3784 956 3836 supra
979 3767 1118 3835 scriptam.
1185 3763 1258 3815 ertio

163 3832 209 3885 die
234 3835 429 3889 celebrationis
455 3838 605 3891 eorundem
630 3838 692 3892 xix
719 3838 897 3893 accubituum
913 3843 1023 3905 oportet
1047 3852 1098 3889 nos
1124 3833 1259 3887 invitatos

162 3912 325 3976 paratosque
351 3907 454 3959 habere
490 3909 525 3961 ad
558 3904 660 3962 sacram
692 3908 806 3978 quidem
829 3925 952 3960 mensam
979 3914 1133 3977 magnates,
1161 3905 1260 3974 quales

162 3976 246 4027 modo
263 3977 382 4030 secando
402 3977 448 4031 dic
470 3978 628 4035 dicebamus
648 3978 791 4044 advocari,
820 3980 924 4047 pariter
952 3993 1067 4031 numero
1093 3974 1258 4040 duodecim,

163 4044 265 4097 omisso
281 4064 312 4098 ea
328 4048 389 4101 vice
408 4048 560 4105 domestico
579 4051 734 4105 scholarum
757 4059 786 4103 et
803 4059 922 4103 assumto
948 4051 978 4101 irs
1003 4052 1063 4101 eius
1089 4047 1179 4099 locum
1203 4044 1259 4098 do-

161 4117 277 4173 mestico
295 4119 502 4189 excubitorum,
521 4130 549 4177 et
565 4122 596 4179 hi
624 4121 775 4179 secundum
800 4121 998 4195 praescriptam
1020 4119 1167 4179 formulam
1192 4131 1257 4172 ero-
