3042 4825
279 220 349 283 xn
444 246 453 263 ·
638 222 693 285 ιο.
726 170 825 286 no(
843 219 993 287 susm

280 387 315 437 ut
327 374 488 439 bominum
509 374 668 439 doctorum
682 378 783 471 studia
804 380 836 439 in
859 400 891 441 sc
904 400 1089 445 conversura
1103 406 1140 447 ea
1158 396 1190 449 et
1202 386 1374 455 exercitum

279 477 349 539 sint
381 476 446 537 Uni
466 476 609 559 placebit,
635 480 667 541 ni
683 478 785 558 fabor,
800 482 976 543 vestiariam
1000 500 1081 562 rem,
1104 485 1157 549 alii
1188 493 1377 571 numeriam,

278 574 330 637 elii
351 574 459 637 domus
480 589 623 661 augustae
637 578 736 643 officia
748 580 830 640 ‘hinc
848 579 1010 647 illustrare.
1051 586 1201 664 Quamvis
1221 593 1303 653 mim
1322 612 1373 670 es,

279 697 357 758 quae
382 677 491 739 Leonis
513 690 543 739 et
572 679 762 741 Constantini
788 682 886 743 nostri
909 693 1048 766 tempore
1075 689 1109 748 in
1135 710 1195 751 usu
1214 702 1322 774 erant,
1352 713 1375 752 a

266 777 483 859 ,superioribus
512 778 675 841 Theodosii
705 791 736 843 et
765 781 924 843 Iustiniani
952 787 1139 868 temporibus
1166 800 1287 861 tanturn
1314 790 1374 851 ab·

276 875 404 956 ludant,
425 890 574 961 quantum
597 892 700 945 secuta
720 880 947 945 Comnenorum
977 896 1008 946 et
1037 885 1289 972 Palaeologorum
1316 911 1371 951 ex-

275 984 432 1060 tremaque
452 979 610 1061 Byzantini
630 983 714 1065 regui
736 990 820 1043 aetas
841 982 882 1043 ab
902 991 1001 1045 aetate
1020 998 1195 1049 nostrorum
1223 989 1371 1073 Porphy-

274 1088 511 1159 rogennetorum
532 1078 663 1159 obludit,
685 1080 768 1164 qnod
788 1092 907 1145 constat
925 1084 1078 1147 Codinnm
1103 1108 1175 1148 cum
1198 1087 1257 1149 hoc
1276 1109 1371 1172 opere

274 1176 462 1257 conferenti,
490 1188 618 1261 possunt
637 1190 738 1243 tamen
758 1180 812 1243 illa
838 1192 960 1245 vetusta
985 1184 1122 1247 florentis
1146 1186 1277 1247 Romani
1307 1189 1369 1248 im-

273 1279 351 1359 perii
381 1287 519 1363 tempora
549 1291 579 1343 et
604 1280 772 1364 Byzantina
801 1282 969 1365 primordia
994 1304 1030 1345 ex
1059 1284 1118 1347 lsoc
1150 1305 1242 1367 opere
1269 1286 1370 1348 multo

272 1378 393 1459 magis,
413 1398 506 1461 quam
526 1379 585 1442 hoc
606 1400 683 1463 opus
709 1404 744 1443 ex
768 1382 907 1462 Codino,
927 1380 1086 1445 illustrari.
1128 1384 1231 1445 Erunt
1250 1406 1368 1468 porro,

156 1490 168 1507 ⁸
272 1478 327 1559 qui
350 1498 384 1539 ex
404 1478 544 1544 indiculis
565 1502 730 1565 rugarum,
752 1504 807 1544 seu
827 1504 1000 1545 munorum
1020 1484 1241 1567 stipendiorum
1261 1482 1369 1547 officiis

270 1576 413 1661 palatinis
433 1582 600 1663 ceterisque
620 1582 814 1662 debitorum,
842 1585 917 1645 item
936 1605 974 1645 ex
997 1582 1140 1646 indiculis
1158 1586 1368 1667 impensorum

270 1679 305 1737 in
326 1678 529 1761 expeditiones
549 1680 665 1765 aliquot
688 1685 858 1745 maritimas
877 1694 986 1746 contra
1016 1685 1184 1746 Samcenm
1206 1686 1369 1748 Cretenses

269 1790 436 1861 susceptas,
457 1782 659 1844 aestimabunt
678 1806 749 1845 cum
772 1782 1057 1866 militares'impesii
1078 1785 1257 1867 Byzantini,
1276 1784 1370 1867 quale

270 1886 345 1940 tunc
374 1890 457 1959 erat,
489 1892 646 1944 terrestres
673 1884 904 1965 maritimasque
932 1888 1056 1967 copias,
1074 1890 1150 1983 pum
1176 1887 1368 1967 pecuniarias

271 1982 413 2061 quoque,
434 1980 633 2065 institutaque
655 1984 882 2067 comparatione
905 1984 1093 2045 Graecorum
1120 1987 1367 2047 centenariorum

269 2090 302 2141 et
316 2078 464 2141 librarum
483 2084 551 2143 auri
566 2104 644 2144 cum
667 2095 801 2146 nostrate
814 2087 958 2167 pecunia,
978 2086 1144 2165 invenient,
1164 2105 1227 2167 qua
1246 2085 1366 2167 Byzan-

268 2180 404 2240 tinorum
429 2201 536 2264 regum
560 2192 591 2242 et
606 2186 788 2245 nostratium
808 2186 964 2269 opulentia
988 2182 1121 2244 differat.
1165 2184 1267 2245 Erunt
1289 2182 1365 2262 alii,

268 2280 321 2363 qui
341 2280 506 2363 singularia
526 2282 677 2365 qinedam
696 2283 936 2367 disputationum
957 2286 1058 2364 capita
1077 2282 1149 2343 hinc
1179 2282 1364 2365 decerpent3
1457 2276 1463 2285 ’

268 2400 298 2441 e.
319 2400 358 2460 c.,
379 2379 477 2466 qualis
495 2380 588 2442 luerit
607 2379 750 2444 ludorum
771 2385 961 2448 Circensium
979 2382 1063 2466 apud
1084 2383 1267 2466 Byzantinos
1288 2404 1365 2444 con·

265 2481 405 2559 stitutio,
428 2501 477 2542 res
497 2479 663 2542 admodum
681 2481 824 2567 obscura,
846 2495 888 2565 et,
910 2504 989 2566 quae
1005 2503 1069 2544 non
1085 2485 1187 2545 minus
1208 2494 1266 2562 cst,
1286 2505 1366 2565 qua-

208 2565 214 2572 ’
264 2577 305 2642 lis
325 2579 416 2642 bresit
432 2601 523 2663 pars,
545 2579 594 2643 vel
616 2584 796 2663 comitante,
829 2583 1039 2668 Augustarum
1059 2583 1218 2666 Byzantii3
1239 2585 1365 2644 unctine

265 2678 381 2743 fiterint
404 2679 449 2742 illi
480 2681 682 2765 Imperatores
714 2683 754 2743 ad
780 2685 961 2746 Latinorum
986 2683 1175 2766 excrnplum3
1204 2703 1366 2780 quousque

267 2799 368 2842 sermo
390 2782 517 2844 Latinus
537 2784 570 2844 in
590 2781 661 2844 aula
677 2783 802 2844 CPtana
818 2785 1002 2862 obtinuerit,
1024 2794 1055 2846 et
1076 2781 1148 2845 illae
1168 2785 1322 2845 orationes
1342 2803 1362 2844 a

265 2901 374 2942 recens
401 2886 583 2965 nuncupatis
611 2883 850 2966 Imperatoribus
873 2904 891 2945 e
919 2884 1064 2946 tribunali
1094 2887 1216 2945 ciroove
1236 2883 1275 2944 ad
1300 2886 1362 2945 mi·

267 2979 337 3042 lites
356 2980 472 3060 dictae,
494 3003 572 3063 quae
592 2994 714 3044 nosuaa
735 2983 876 3065 editionis
896 3005 915 3044 a
938 3005 1010 3067 pag.
1032 2985 1094 3068 239
1112 2982 1184 3043 inde
1205 2981 1362 3065 leguntur,

267 3078 420 3142 fuerintne
441 3083 565 3142 Graecis
593 3082 700 3167 iisdepr
730 3084 834 3146 verbis
861 3085 1026 3161 recitatae,
1053 3105 1094 3144 an
1121 3083 1225 3166 potius
1252 3085 1362 3144 Latine

267 3181 409 3264 primitus
428 3181 575 3262 dicmtae,
596 3181 707 3244 deinde
727 3203 801 3245 vero
822 3205 842 3244 a
864 3183 958 3246 Petro
979 3185 1126 3266 Magistro
1151 3184 1185 3246 in
1208 3183 1361 3246 Graecum

268 3301 439 3342 sermonem
458 3302 643 3366 conversae;
663 3282 747 3364 quod
769 3283 846 3345 mibi
875 3284 1000 3366 quidem
1029 3281 1191 3367 probabile
1215 3282 1261 3341 iit.
1301 3283 1362 3342 Est

270 3401 331 3461 ea,
360 3402 453 3464 quam
476 3380 560 3460 dixi,
589 3403 661 3465 pars
687 3384 834 3466 insignis,
864 3405 993 3466 eamque
1011 3382 1129 3446 edendo
1155 3379 1263 3444 videor
1282 3379 1360 3443 mibi

268 3481 448 3564 particulam
468 3483 569 3566 operis
588 3480 859 3566 desideratissimi,
887 3483 940 3546 sed
971 3482 1088 3544 dudum
1116 3501 1174 3564 pro
1201 3478 1361 3560 deperdito

267 3579 377 3660 babiti,
399 3581 539 3644 edidisse.
582 3583 816 3646 Constantinum
829 3593 968 3648 nostrum
995 3579 1173 3664 colligendis
1186 3589 1218 3639 et
1239 3580 1273 3640 in
1292 3601 1360 3642 cer·

267 3692 317 3744 tos
336 3681 439 3744 titulos
462 3681 633 3765 digerendis
652 3685 735 3746 scitis
761 3697 854 3769 atque
872 3681 1122 3746 memorabilibus
1144 3689 1284 3740 veterum
1309 3679 1361 3741 lo-

265 3783 313 3843 cis
333 3781 507 3864 diligentem
529 3803 653 3866 operam
675 3785 877 3869 impendisse,
897 3803 988 3845 nemo
1008 3783 1116 3844 nescit.
1156 3778 1256 3840 mant
1284 3777 1360 3840 olim

269 3881 315 3943 illi
340 3879 420 3944 tituli
448 3902 576 3946 numero
610 3887 831 3970 quinquaginta
856 3895 928 3946 tres.
993 3881 1046 3944 Ad
1075 3900 1132 3941 nos
1160 3890 1262 3942 autem
1293 3900 1357 3943 non

269 4001 455 4064 perrenae,
485 3985 543 4046 nisi
572 3985 678 4050 titulus
711 3989 875 4070 vigesimus
906 3983 1051 4066 septimus
1089 3979 1128 4042 de
1156 3977 1357 4064 legationibus

270 4086 409 4166 integer,
427 4103 521 4168 opera
539 4085 652 4152 Funvu
672 4087 784 4150 Ussrnr
797 4097 829 4149 et
846 4084 978 4148 stmrs
1000 4083 1199 4162 Homereas,
1220 4089 1252 4140 et
1275 4075 1357 4139 tituli
