3042 4825
282 182 368 268 536
493 207 767 274 cousrrurur
797 212 1165 281 romumoonum

279 387 362 430 σι-τοο
388 361 445 428 καί
463 363 693 450 περιβάλλουσι
722 364 801 440 τοός
823 368 982 445 δεσπότας
1000 366 1057 447 τὰς
1076 367 1200 436 ἑαυτῶν
1218 371 1415 454 χλανίδιφ

278 464 491 548 ἐξερχομένων
513 465 548 528 δὲ
569 469 633 530 τῶν
661 468 822 532 δεσποτῶν
851 471 912 531 τοῦ
932 466 1033 551 βήλου
1045 519 1054 550 ,
1085 471 1235 552 δέχονται
1252 469 1414 546 τούτους

277 565 311 626 οἰ
330 585 368 662 τεΙ
382 561 552 648 μὰγιστροι
573 567 628 629 καί
653 565 835 650 πατρίκιοι,
856 570 913 630 καί
930 567 1051 650 γίνεται
1072 571 1173 635 ἐκεῖσε
1194 569 1295 654 δοχῆ,
1338 573 1410 635 κατ’

277 660 340 730 dni
372 660 525 744 νεόματος
558 665 616 728 τοῦ
651 667 869 750 πραιποσίτου
904 667 989 750 λέγει
1019 667 1038 731 6
1071 671 1129 751 τῆς
1158 667 1410 744 καταστάσεως

252 760 499 844 (Ξ,,κελεόσατε.”
541 765 598 828 sui
630 765 840 847 κατέρχονται
868 765 924 830 διό
953 789 990 830 τε
1010 769 1069 831 τοῦ
1089 770 1219 851 κοχλιοδ
1239 771 1295 833 καί
1330 755 1431 835 1065

278 858 436 945 νάρθηκος
442 911 453 941 ,
480 861 536 927 καί
558 859 770 945 ἐκβαινόντων
796 861 849 929 τόν
868 863 1016 950 νάρθηκα
1036 869 1100 930 τῶν
1120 865 1219 950 ἁγίων
1240 867 1403 931 α’ποστό-

277 967 352 1042 λων,
373 963 500 1044 δέχεται
521 959 654 1038 τούτους
683 961 701 1026 6
726 961 898 1049 περατικός
920 965 1018 1048 δῆμος
1046 968 1110 1030 τῶν
1130 968 1276 1031 Βενέτων
1295 963 1400 1046 μετὰ

277 1061 334 1124 καί
352 1062 412 1123 τοῦ
433 1059 617 1142 δομεστίκου
643 1065 706 1128 τῶν
726 1065 871 1145 σχολῶν,
906 1067 963 1127 καί
981 1065 1169 1130 ἐπιδιδωσιν
1190 1063 1208 1128 6
1230 1068 1400 1146 δομέστι-

276 1181 332 1234 νιος
350 1162 415 1224 τῶν
435 1163 560 1243 σχολῶν
578 1171 643 1238 τοῖς
666 1160 838 1237 δεσπόταις
859 1159 898 1225 τὰ
923 1158 1110 1248 ῥοδόπλαιια
1129 1163 1303 1250 όσφράδια,
1330 1164 1402 1228 καί

276 1263 348 1342 μετ’
369 1257 475 1341 δλίγον
503 1257 565 1344 πρό
588 1263 647 1324 τοῦ
676 1263 833 1326 εἰσελθεῖν
863 1262 908 1335 εἰς
931 1257 968 1323 τό
990 1257 1163 1345 ῶρολόγιον
1184 1265 1315 1345 δέχεται
1343 1263 1444 1340 εἰςιο

276 1359 311 1425 τό
342 1359 469 1444 ἐξὰερον
497 1353 699 1446 ὁδὴμαρχος
725 1362 790 1423 τῶν
822 1360 967 1424 Βενὲτων
999 1358 1081 1442 μετὰ
1102 1363 1161 1424 τοῦ
1193 1356 1300 1444 δήμου
1322 1363 1398 1425 τοῦ

276 1461 391 1525 λευκοῦ
398 1509 408 1539 ,
444 1455 502 1521 καί
518 1451 632 1536 ,αὐτός
661 1457 826 1533 ἐπιδιδοός
858 1455 979 1540 δμοίως
1004 1468 1068 1534 τοῖς
1102 1455 1282 1536 δεσπόταις.
1328 1461 1398 1523 καί

273 1553 437 1623 εἰσιόντων
467 1559 531 1621 τῶν
561 1559 722 1621 δεσποτῶν
751 1559 797 1633 εἰς
816 1554 875 1642 τὴν
904 1557 1012 1643 θύραν
1034 1555 1077 1634 ῶς
1099 1553 1179 1642 πρός
1199 1556 1236 1620 τό
1258 1553 1394 1643 ῶρολό-

272 1679 341 1740 γιον
360 1659 425 1720 τῶν
446 1655 546 1739 ἁγίων
573 1655 782 1737 οἰποστόλων,
817 1634 947 1739 δέχεται
977 1655 997 1720 6
1018 1655 1198 1738 ἐξκοόβιτυς
1218 1653 1298 1737 μετὰ
1321 1657 1393 1721 τοῦ

272 1759 447 1840 περατικοῦ
474 1751 577 1840 δῆμον
605 1756 669 1820 τῶν
691 1756 889 1840 Πρατίναν,
918 1759 975 1819 καί
992 1755 1159 1820 ἐπιδίδωσι
1188 1757 1245 1820 καί
1276 1753 1432 1833 αότόςιὸ

238 1849 399 1934 ῃόμοίως.
440 1855 497 1917 καί
522 1851 619 1918 πόλιν
649 1849 809 1918 εἰσιόντων
836 1857 899 1920 τῶν
925 1857 1088 1920 δεσποτῶν
1117 1855 1163 1929 εἰς
1188 1851 1247 1937 τήν
1267 1853 1386 1939 θύραν

271 1955 330 2018 τοῦ
360 1956 542 2034 γυναικίτου
564 1955 627 2018 τῶν
655 1953 754 2036 ἁγίων
784 1953 985 2035 α’ποοτόλων,
1015 1956 1145 2035 δέχεται
1165 1950 1183 2014 6
1206 1951 1386 2036 δήμαρχος

273 2054 337 2115 τῶν
365 2054 543 2135 Πραοίνων
567 2051 646 2134 μετὰ
668 2051 724 2114 tat
747 2057 805 2116 τοῦ
830 2052 932 2137 δήμου
958 2057 1017 2119 τοῦ
1042 2052 1193 2139 ῥουσίου,
1221 2051 1279 2112 καί
1304 2051 1384 2113 ἐπι-

274 2150 387 2212 δίδωσι
415 2151 472 2212 καί
500 2144 600 2224 αότός
629 2148 756 2230 δμοίως.
800 2153 858 2215 καί
887 2147 952 2216 εἶδ’
979 2147 1081 2228 οότως
1113 2145 1310 2234 ἀπέρχονται
1328 2145 1382 2238 ὀἰ

178 2267 198 2282 “
273 2248 449 2332 δεσπόται,
477 2247 535 2313 καί
565 2251 691 2332 δέχεται
721 2248 855 2324 τοότους
875 2248 894 2312 6
915 2250 1115 2336 πατριάρχης
1141 2246 1202 2327 ἔξω
1222 2249 1287 2313 τῶν
1306 2267 1422 2333 ary-no

269 2350 385 2412 πλίδων
405 2350 462 2414 τοῦ
483 2346 576 2433 ἁγίου
605 2345 748 2433 βήματος
756 2401 767 2432 ,
798 2351 855 2414 καί
877 2341 1075 2427 ἁσπόζονται
1105 2342 1263 2434 ἀλλήλους
1271 2397 1282 2428 ,
1317 2345 1381 2412 καί

123 2450 474 2533 Εδ.1..3ιοείσὲρχονται
511 2444 580 2531 ἁμα
609 2452 655 2525 εἰς
685 2446 719 2515 τό
751 2450 999 2534 θυσιαστήριον,
1032 2446 1087 2512 καί
1116 2446 1310 2528 οἰσπὰζονται
1341 2445 1376 2513 οἱ

272 2548 426 2612 δεσπόται
446 2544 506 2630 τήν
528 2546 662 2632 ἐνδυτὴν
685 2550 743 2614 καί
763 2545 801 2613 τὸ
820 2543 911 2633 ἁγιον
932 2542 1122 2631 εόαγγέλιον,
1144 2543 1287 2632 δηλονότι
1307 2544 1373 2612 όπό

270 2782 406 2834 Dominus
432 2781 576 2850 excipiunt
599 2787 628 2833 et
657 2788 825 2833 venerantur
856 2782 980 2850 magistri
1005 2787 1035 2831 et
1060 2779 1187 2848 patricii,
1215 2779 1302 2848 fitque
1326 2776 1371 2828 ibi

271 2852 360 2903 doehe
390 2868 438 2902 seu
467 2853 593 2921 exceptio
627 2858 656 2901 et
679 2852 864 2904 consalutatio
890 2851 1074 2903 nummorum
1100 2857 1129 2900 et
1145 2864 1304 2919 procerum,
1322 2865 1381 2919 qun

293 2930 397 2985 eructa,
415 2924 515 2973 clamat
533 2923 755 2983 cerimoniarius,
775 2930 845 2972 nutu
865 2921 1017 2991 praepositi
1037 2921 1212 2971 admonitus:
1235 2922 1380 2973 Celeusete

271 2939 350 3065 frene
376 2994 472 3047 velitis
495 2992 629 3064 ιιιουινοῙ.
670 2994 715 3045 stc
742 2993 913 3045 descendunt
928 3009 979 3061 per
997 2990 1138 3043 cochleam
1155 2999 1185 3041 et
1200 2990 1376 3054 nartheeem3

273 3071 303 3113 et
325 3062 499 3129 egredientes
521 3079 536 3112 e
558 3062 691 3113 nertheee
711 3064 873 3115 Sanctorum
893 3065 1017 3114 omnium
1036 3062 1140 3131 excipit
1157 3069 1241 3131 atque
1259 3076 1374 3111 venera-

271 3140 318 3183 tur
336 3133 474 3201 p'eratieus
494 3132 589 3184 demus
611 3132 679 3206 [seu
707 3132 867 3185 suburbana
887 3151 902 3185 e
921 3136 987 3186 Pera
1005 3134 1089 3184 ssetio
1121 3133 1291 3184 Venetorum
1309 3147 1372 3182 eum

271 3202 424 3253 domestico
448 3200 603 3255 scholarum
631 3205 758 3255 Dominis
789 3204 903 3255 odorata
922 3214 994 3255 serta
1010 3205 1078 3255 rosis
1097 3204 1216 3271 implexa
1235 3200 1371 3253 tradente.

246 3272 356 3327 anulo
378 3273 457 3324 illinc
490 3284 639 3344 antequam
673 3274 863 3343 ingrediantur
889 3274 1003 3327 Domini
1031 3276 1060 3325 in
1079 3274 1270 3342 horologium,
1291 3271 1368 3322 exei-

269 3343 354 3413 piunt
372 3358 419 3394 eos
442 3344 471 3395 in
491 3346 563 3395 atrio
590 3342 750 3396 demarchus
776 3346 944 3398 Venetorum
968 3362 1031 3396 cum
1050 3345 1171 3395 faotione
1191 3343 1271 3405 elba,
1296 3350 1368 3393 serta

269 3421 299 3465 et
316 3416 376 3483 ipse
396 3429 510 3484 quoque
527 3415 679 3483 porrigens.
716 3417 850 3468 Domiuos
875 3418 929 3467 iam
950 3417 1040 3485 ipsam
1068 3414 1208 3483 horologii
1227 3414 1275 3471 SS.
1292 3413 1367 3481 Apo-

268 3484 402 3536 stolorum
420 3492 526 3553 portam
546 3486 680 3537 intrantes
704 3487 809 3555 exeipit
835 3486 980 3539 excubitus
1000 3488 1060 3560 [seu
1077 3485 1233 3555 praefectus
1252 3483 1369 3535 excubi-

267 3554 371 3628 torum]
392 3570 453 3605 eum
473 3554 553 3606 demo
570 3558 694 3629 peratico
713 3559 902 3621 prasinorum,
920 3566 949 3609 et
966 3558 1026 3628 ipse
1044 3572 1158 3627 qnoque
1176 3556 1294 3605 corollas
1311 3561 1368 3604 tra-

269 3626 345 3676 dens.
381 3626 417 3676 Et
442 3624 553 3677 tandem
580 3629 713 3680 intrantes
731 3631 865 3681 Dominos
895 3630 925 3680 in
952 3636 1060 3696 portam
1085 3626 1283 3696 gynaeconitae
1316 3639 1366 3675 sen

267 3697 396 3748 stationis
413 3695 560 3747 mulierum
580 3698 610 3749 in
629 3697 697 3749 sedo
718 3699 765 3751 SS.
776 3700 981 3769 Apostolorum,
999 3698 1103 3767 exeipit
1124 3696 1286 3748 demarchus
1303 3696 1368 3746 Pra-

266 3766 390 3817 sinorum
412 3782 473 3816 cum
492 3766 613 3819 factione
633 3785 723 3830 russo,
747 3770 859 3821 tradens
877 3774 998 3839 etipse,
1018 3784 1090 3839 quse
1107 3769 1200 3819 ceteri.
1239 3767 1284 3819 sic
1302 3781 1366 3834 por·

267 3852 300 3887 ro
319 3834 408 3887 libere
430 3835 536 3907 absque
555 3839 754 3907 impedimento
774 3841 954 3909 procedentes
973 3841 1106 3892 Dominos
1126 3838 1231 3907 exeipit
1247 3836 1367 3906 patriar·

267 3906 316 3958 ehs
341 3914 417 3959 extra
440 3908 577 3959 cancellos
600 3911 686 3961 saneti
710 3908 827 3962 bematis
846 3910 901 3983 [vel
918 3908 1097 3992 tribunalisl,
1123 3909 1276 3977 osculoque
1288 3908 1365 3975 pacis

266 3976 384 4029 invicem
405 3977 480 4040 doto,
499 3980 604 4032 intrant
620 3980 704 4031 simul
723 3982 752 4032 iu
771 3982 1013 4040 sacrificatorium,
1031 3980 1080 4031 ubi
1099 3979 1212 4031 Domini
1232 3976 1362 4042 endytam

265 4064 314 4099 sen
333 4057 453 4117 tapetem
473 4048 554 4101 altari
564 4052 709 4103 instratum
735 4059 764 4102 et
794 4068 900 4104 eaerum
927 4052 1099 4120 evangelium
1122 4049 1295 4109 osculantur,
1313 4064 1365 4115 pa·

265 4116 387 4173 triarehu
414 4127 563 4195 utrumque
595 4121 781 4194 protendente
799 4131 828 4177 et
846 4122 889 4178 ori
915 4122 1087 4179 admovente.
1123 4120 1231 4174 Exinde
1249 4117 1366 4171 ordiun-
