3042 4825
985 28 994 94 l

173 336 176 351 Ι
274 256 404 323 xxuu
622 257 678 323 10.
708 257 790 323 rso.
821 258 972 325 susan

273 412 474 493 botoniatao,
496 424 528 477 et
542 425 676 498 quatuor
700 434 864 498 pmcerum
887 418 946 499 lpsl
974 413 1160 479 adstantium
1183 415 1370 501 lmagbsibus

273 516 513 595 conspiciuntur.
570 516 663 595 Quod
685 518 788 604 itaqua
822 518 995 598 Imperator
1015 519 1048 578 iu
1076 520 1179 600 capite
1205 520 1305 601 gerit,
1327 530 1377 580 est

273 608 400 691 στέμμα
425 634 560 689 corona,
584 615 647 693 vel,
668 626 705 677 ut
731 616 914 699 plemmque
937 618 1030 693 resti,
1060 615 1180 699 infula.
1229 617 1282 679 Ad
1301 636 1372 679 eam

273 710 403 773 formam
425 724 600 799 comparata
625 726 691 777 erat
721 736 836 777 corona
862 727 1054 777 caetemrum
1075 720 1214 779 omnium
1235 718 1375 800 Byzantii

274 810 507 894 Imperatorum.
550 816 639 895 Quae
654 816 694 876 ab
715 817 840 877 auribus
862 820 1007 899 utrinque
1027 815 1199 899 dependent
1220 816 1272 878 fila
1288 838 1396 889 mar»,
1458 832 1466 843 ·

273 914 452 995 peritarum,
466 914 568 998 qualia
591 918 624 978 in
652 918 753 978 numia
769 916 944 1000 Byzantinis
956 916 1038 1000 apud
1045 918 1239 1001 Ducangium
1254 917 1375 979 etlian·

276 1010 399 1075 dmium
421 1014 591 1098 frequentia
616 1028 813 1099 comparent,
834 1028 906 1079 sunt
930 1012 1141 1097 κατάσειστα,
1173 1017 1375 1101 quemadmo-

272 1110 347 1175 dum
364 1117 399 1175 in
416 1114 496 1176 libro
508 1128 613 1179 nostro
637 1116 842 1201 appellantur.
885 1118 1002 1197 Vestis,
1020 1138 1101 1200 quae
1124 1121 1281 1180 sinistrum
1299 1118 1374 1178 bra-

273 1214 377 1275 chium
415 1225 516 1277 totum
544 1215 695 1297 involvit,
726 1217 867 1280 dextrum
893 1217 1059 1280 humerum
1084 1217 1195 1280 leviter
1220 1219 1305 1301 tegit,
1329 1227 1377 1278 est

270 1312 421 1399 chlamys.
461 1315 510 1377 De
529 1317 636 1379 dextra
650 1320 715 1380 eius
732 1317 843 1381 lacinia
863 1317 941 1380 nihil
961 1317 1093 1401 amplius
1109 1328 1206 1399 patet,
1227 1338 1321 1401 quam
1337 1338 1375 1377 ea

270 1432 353 1495 pars,
369 1437 433 1498 qua
452 1436 508 1499 per
522 1418 648 1481 fibulam
671 1438 764 1502 super
780 1418 910 1481 humero
931 1416 1037 1480 dextro
1048 1420 1193 1498 sinistrae
1212 1419 1374 1477 commissa

275 1526 333 1577 est.
375 1516 541 1603 Reliqutun
555 1540 646 1581 omne
670 1522 703 1581 in
716 1530 838 1603 tergum
858 1522 1004 1581 reiectum
1022 1517 1107 1581 latet.
1147 1516 1209 1579 Sed
1222 1527 1308 1579 tanto
1324 1514 1375 1579 tu-

273 1612 424 1679 culentius
438 1630 523 1699 patet
535 1616 647 1681 lacinia
664 1622 808 1701 sinistra3
830 1623 863 1681 in
883 1641 945 1703 qua
957 1618 1094 1681 notanda
1107 1621 1242 1702 primum
1258 1612 1279 1698 ἦ
1294 1604 1377 1698 ὅρνα

272 1734 325 1776 seu
339 1734 411 1797 ora,
433 1722 604 1803 margaritis
625 1720 736 1801 obsita,
759 1721 928 1783 seeundum
950 1718 1294 1801 latitudinampectoris
1317 1715 1374 1777 de-

271 1816 418 1880 scendens
431 1822 567 1901 primum
589 1820 629 1881 ad
647 1823 746 1883 imum
769 1832 930 1900 ventrem,
951 1819 1023 1883 dein
1038 1820 1078 1881 ad
1099 1822 1178 1880 imos
1190 1817 1295 1902 pedes,
1317 1817 1373 1879 de·

123 1928 264 1989 Esthxlt
273 1918 368 2000 nique
387 1918 527 1981 revoluta
548 1920 645 1983 ambit
661 1922 818 1981 sinistrum
835 1940 976 2005 carpum,
997 1931 1028 1981 et
1046 1919 1202 1989 descendit
1226 1937 1321 2001 porro
1332 1915 1374 1977 ad

272 2014 433 2101 posticam.
475 2020 617 2082 Secunda
639 2042 711 2103 pars
734 2019 880 2083 notabilis
905 2032 953 2082 est
974 2017 1161 2104 inaequabili
1190 2016 1244 2079 illa
1280 2036 1380 2099 paene

272 2116 573 2202 parallelogrammus
586 2121 683 2204 figura
696 2142 753 2205 per
772 2132 878 2203 pectus
892 2118 1035 2198 deducta,
1054 2122 1088 2179 in
1097 2136 1218 2179 summo
1233 2126 1375 2195 curvata,

272 2218 306 2303 in
326 2219 389 2278 imo
409 2230 519 2299 acuta,
540 2242 683 2304 peroras
701 2222 874 2305 margaritis
891 2221 1014 2299 cincta,
1044 2220 1078 2279 in
1102 2217 1204 2279 medio
1225 2216 1375 2279 helicibus

272 2318 367 2401 picta,
390 2338 448 2381 acu
470 2340 574 2382 aurea.
620 2321 706 2383 Haec
718 2332 765 2382 est
782 2319 836 2382 illa
856 2340 939 2403 pars,
959 2338 1040 2401 quae
1062 2316 1175 2380 Nostro
1199 2317 1375 2400 saepissime

270 2430 459 2480 memoratur
467 2419 597 2499 ταβλίον
615 2420 665 2482 val
679 2414 822 2501 ravis'or,
846 2441 900 2482 seu
916 2419 1053 2496 tabella,
1070 2430 1143 2502 apta
1161 2416 1375 2503 appellatione·

270 2519 352 2581 Nam
374 2516 510 2580 sialtera
528 2519 586 2604 ipsi
604 2520 792 2603 respondens
815 2540 887 2602 pars
905 2523 939 2580 in
959 2517 1064 2580 dextm
1089 2517 1261 2602 chlamydis
1286 2527 1376 2600 parte

271 2619 330 2702 ipsi
348 2629 532 2702 apponatur,
554 2630 682 2702 apparet
694 2631 843 2702 tanquam
855 2617 960 2682 tabula
973 2621 1090 2701 pectori
1111 2621 1266 2702 imposita,
1288 2618 1374 2702 quod

272 2717 446 2782 luculenter
477 2723 664 2804 conspicitur
692 2722 724 2780 in
751 2721 852 2782 tribus
881 2719 942 2782 illis
970 2720 1153 2803 Imperatori
1181 2717 1375 2780 adstantibus

271 2821 462 2902 pmcerihus.
509 2821 608 2886 Vestis
630 2820 769 2900 inferior,
790 2819 944 2904 chlamydi
963 2821 1141 2903 supposita,
1160 2839 1240 2900 quae
1263 2817 1304 2884 ad
1317 2837 1374 2899 pt*

273 2919 328 2981 des
353 2941 450 3004 usque
470 2908 647 2998 descendit,
673 2931 705 2982 et
734 2932 885 3003 quatenus
907 2921 1047 2982 deinum
1070 2918 1232 2982 brachium
1255 2918 1374 2996 ambit,

273 3023 470 3104 angustisque
488 3023 616 3082 manicis
637 3040 765 3102 carpum
782 3019 922 3081 demum
947 3020 1085 3097 claudit,
1107 3016 1277 3080 luculenter
1295 3035 1372 3077 con·

275 3121 421 3203 spiritur,
444 3141 480 3182 ea
505 3131 549 3182 est
571 3117 685 3200 χλανίς
704 3118 754 3180 vel
785 3114 962 3198 χλανίδιον.
1006 3121 1147 3202 'Figurae
1168 3127 1199 3177 et
1217 3116 1374 3200 chlamydi

278 3231 309 3282 et
330 3219 483 3299 chlanidi,
506 3217 557 3283 vel
573 3221 715 3292 tunicae,
737 3221 870 3280 intextae
891 3216 1086 3300 appellantur
1098 3215 1213 3278 Nostro
1227 3213 1374 3295 ἔξέμπλι-
1426 3251 1434 3267 o

275 3340 312 3382 or
329 3320 523 3403 exemplum.
581 3318 673 3400 Quod
691 3321 725 3380 in
743 3339 838 3380 manu
859 3320 981 3380 sinistra
1004 3328 1099 3395 tenet,
1121 3317 1235 3378 Nostro
1253 3319 1372 3400 promi·

276 3437 348 3480 acue
365 3409 483 3482 ἀκακία
500 3431 530 3482 et
547 3417 725 3497 α’νεξικακώι
732 3419 917 3503 appellatur,
938 3417 1084 3480 volumen
1093 3415 1374 3497 membranaceum,

276 3530 330 3582 aut
354 3520 492 3582 sacculus
505 3521 649 3600 sericeus,
670 3521 710 3582 de
730 3541 793 3604 quo
815 3523 849 3581 in
872 3518 1106 3582 Commentariis
1118 3516 1208 3601 plura
1219 3516 1371 3584 dicentur.

359 3620 396 3682 ln
428 3621 607 3706 proceribus
635 3633 801 3704 utrumque
834 3621 915 3683 latus
954 3620 1152 3703 imperatoris
1187 3616 1372 3699 stipantibus

274 3719 474 3784 observamus
495 3724 640 3783 vestitum
658 3721 757 3783 tribus
777 3720 927 3784 barbatis
940 3738 1148 3797 communem,
1169 3716 1372 3800 unispadoni

274 3820 469 3904 peculiarem.
519 3821 643 3884 Primus
667 3823 706 3883 ad
727 3821 865 3883 dextram
886 3817 1074 3882 Prohedrus
1100 3815 1152 3880 vel
1176 3818 1396 3879 Praesmct*

274 3903 447 4001 maereo,
469 3922 519 3986 vel
540 3923 786 3986 cassato-saon·
809 3921 978 3994 encausti,
1004 3918 1213 4005 praefectus,
1245 3917 1372 3979 indutus

275 4031 339 4099 ast,
362 4033 394 4084 st
413 4033 485 4085 suut
506 4024 773 4107 quoquemeteri,
795 4022 1016 4103 scaramangis,
1038 4041 1092 4081 seu
1118 4020 1224 4080 stricto
1250 4015 1346 4101 pallio
1360 4053 1377 4095 ,-

274 4123 355 4194 eirca
384 4121 524 4207 iugulum
545 4123 638 4194 fibula
666 4121 812 4206 sinpdari
832 4125 992 4208 geminare
1018 4119 1143 4201 clauso,
1172 4139 1246 4181 cum
1266 4113 1371 4180 tablirs
