3042 4825
139 940 325 1044 talesque
345 942 535 1039 pertinent
560 943 692 1015 ceteris
711 962 783 1038 per
798 941 1061 1039 septentrionis
1084 942 1258 1041 regiones

135 1092 292 1189 positis
312 1088 534 1191 praefulget
544 1088 640 1190 fere
665 1084 845 1163 omnibus.
904 1084 986 1160 Iam
1016 1109 1110 1160 uero
1144 1111 1259 1188 quum

139 1234 243 1309 ratis
280 1220 376 1323 stt'‚-
395 1234 593 1335 peregrini
623 1254 770 1337 quoque
808 1235 955 1333 pariter
988 1255 1074 1306 eran
1108 1232 1258 1310 civitas

140 1381 351 1457 liberrimo
375 1380 429 1455 ad
451 1383 533 1455 eius
547 1379 744 1455 thesauros
765 1377 934 1481 gaudent
955 1376 1085 1459 aditu.-
1107 1403 1256 1452 uerunt-

142 1546 282 1605 tamen
297 1542 503 1622 vestrates,
528 1548 625 1637 qetae
645 1534 828 1606 maiorum
832 1530 1004 1635 fortuna
1020 1545 1057 1605 et
1075 1531 1260 1628 sapientia

143 1678 398 1757 bibliothecis
414 1682 555 1767 intulit,
568 1688 749 1785 gnaviter
759 1697 895 1759 eruunt
906 1684 1000 1782 ipsi,
1016 1674 1261 1779 publicaeque

146 1824 234 1900 luci
263 1844 378 1932 atque
411 1830 567 1907 utilitati
598 1830 765 1927 tradunt
820 1828 924 1906 Hinc
952 1827 1188 1930 praeclaram
1219 1829 1274 1949 in'

151 1976 369 2055 Germania
391 1998 504 2085 atque
529 1986 570 2055 in
594 1986 813 2058 uniuersum
836 1977 941 2081 apud
965 1994 1117 2055 cunctos
1142 1974 1262 2051 bonae
1339 1970 1347 2010 ³

148 2124 355 2202 doctrinae
377 2132 636 2206 aestimatores
659 2156 800 2235 aequos
823 2148 861 2206 et
894 2131 1039 2230 pen‘tos
1074 2122 1149 2201 sibi
1178 2122 1262 2195 lau·

151 2274 244 2349 dem
287 2281 435 2389 peperit
471 2280 528 2355 0.
573 2278 625 2355 D.
660 2278 935 2367 trecentos,
981 2278 1067 2381 qui,
1099 2269 1262 2372 prolatis

151 2423 375 2500 'Herodiani
410 2423 619 2532 Galenique
657 2427 786 2522 libris,
825 2433 930 2510 inter⁴
965 2425 1050 2498 illos
1091 2434 1261 2497 censetur

153 2574 226 2674 qui
261 2571 428 2649 reductis
466 2576 653 2674 peculiari
684 2574 827 2650 saeculi
858 2576 982 2656 nostri
999 2569 1194 2674 felicitate
1219 2570 1259 2640 in

153 2721 280 2790 uuam
303 2718 413 2796 libris
435 2739 626 2813 veterum,
672 2745 884 2798 communes
906 2723 1115 2797 erctiterunt
1135 2715 1260 2819 pbiloz

154 2865 333 2966 logorum
354 2868 629 2970 benefactores:
661 2893 738 2946 non
762 2873 886 2945 minus
912 2870 1075 2969 insignis
1089 2837 1260 2951 acumine

156 3017 307 3113 ingenii
329 3013 595 3120 doctrinaeque
614 3019 865 3118 praestantia,
899 3014 990 3089 dum
1012 3013 1260 3116 depravatam

54 3151 57 3158 ’
155 3165 264 3234 unici
286 3159 429 3236 codicis
452 3126 692 3263 scriptionem
711 3147 893 3238 emendat
926 3152 1024 3266 Earn
1048 3165 1169 3264 igitur
1187 3187 1260 3261 per

154 3307 304 3382 litteras
329 3306 434 3394 odii,
459 3309 616 3384 simulac
639 3307 688 3384 dc
721 3307 878 3384 mendo
909 3305 1126 3386 Beislsionis
1156 3316 1260 3411 cogi-

155 3455 336 3530 tationem
350 3481 605 3576 susceperam,
631 3455 745 3562 idque
761 3447 806 3532 eo
820 3459 945 3559 magis
960 3455 1082 3555 quod,
1102 3477 1261 3559 propter
1313 3508 1317 3517 ·

156 3619 214 3676 tot
236 3627 419 3678 armorum
438 3601 661 3695 absentiam,
689 3629 827 3713 parurn
846 3621 991 3706 gnarus
1013 3611 1257 3686 mutationum

155 3753 256 3852 quoe
297 3755 443 3848 interea
476 3741 718 3844 accidissent,
766 3755 893 3828 nescio
931 3751 1118 3855 quomodo
1163 3761 1260 3838 milri
1312 3820 1316 3828 .

153 3921 419 4023 persuaseram
458 3908 694 4012 adscriptum
723 3931 811 3986 esse·
826 3905 976 4010 Regiae
1014 3907 1259 3987 bibliothecae

162 4057 207 4132 V
207 4063 304 4135 irtun
329 4055 586 4135 clarissimum.
637 4053 846 4158 Respondit
880 4057 943 4134 ille
967 4062 1125 4134 comiter
1148 4073 1261 4160 atque
