3042 4825
496 247 817 315 emeterium.
1131 256 1215 319 m

100 400 418 486 mmmmm
439 400 579 465 solertiae
607 406 813 465 recentiorum
839 400 997 467 debemus.
1050 404 1219 470 Adaeum

102 501 177 564 bant
207 500 371 565 librorum
397 514 537 564 suerum
565 505 700 565 iuniores
731 523 919 587 possessores
945 507 980 567 in
1002 508 1215 591 marginibus,

103 622 182 682 qaae
215 601 362 682 vellent3
391 624 427 665 ea
453 602 571 665 librarii
600 614 698 665 aetate
726 605 909 687 posteriores
937 607 971 665 in
991 607 1073 686 ipsos
1100 608 1219 671 codices

103 700 224 784 absque
247 700 320 763 ulla
338 702 532 765 distinctione
551 688 788 783 inferciebant,⁸
804 714 837 765 et
856 706 1072 787 exspectabant
1090 707 1220 770 lectores

108 813 162 862 aut
183 813 258 863 tam
283 822 407 865 sectuos
428 813 458 865 ct
478 806 600 885 ignaros
620 824 724 864 rerum
744 805 896 883 omnium,
917 816 953 866 ut
973 805 1113 889 scopulos
1133 807 1221 869 abro-
1353 811 1359 831 ⁸

105 900 277 985 uologicos
307 903 424 985 absque
444 902 612 965 offensione
632 906 858 987 praeterirent3
885 916 940 966 aut
969 908 995 966 si
1016 926 1094 989 quos
1112 908 1219 968 nanci-

102 1014 276 1065 scerentur
297 1006 443 1066 acutioris
463 1026 589 1085 senuas,
617 1004 842 1092 persuadebant
868 1003 947 1086 sibi,
968 1026 1021 1067 eos
1041 1005 1148 1087 facile,
1169 1005 1221 1067 vel

104 1122 170 1163 non
190 1102 394 1183 admonitos,
415 1116 588 1169 assumenta
610 1103 708 1166 aliena
729 1095 795 1167 esse
814 1108 984 1187 agnituros.
1013 1106 1144 1167 Veniam
1163 1126 1227 1187 pom

103 1212 186 1263 terat
202 1224 246 1265 ea
261 1188 444 1287 simplicitas
457 1204 608 1285 invenire,
630 1208 655 1267 si
670 1201 754 1267 intra¹
768 1226 836 1266 eam
849 1205 1065 1285 substitissent,
1087 1208 1141 1289 qui
1154 1216 1224 1267 tum

104 1312 207 1381 erant,
232 1294 392 1365 librorum
412 1307 674 1367 consarcinatores
693 1316 725 1367 et
745 1303 876 1367 librarii.
921 1304 966 1367 At
985 1304 1031 1367 illi
1050 1304 1148 1367 multo
1167 1326 1224 1388 pe·

106 1402 186 1463 iore.
235 1403 268 1463 Τ
270 1404 519 1465 rausseribebant
539 1402 637 1467 aliena
657 1407 771 1488 scripta
798 1405 998 1483 verbotenus,
1018 1404 1172 1466 addebant
1190 1407 1227 1465 ln

106 1500 166 1561 line
187 1520 310 1585 parum
330 1500 447 1587 aliquid
468 1502 507 1565 de
529 1526 607 1584 suo,
641 1506 774 1588 denique
792 1506 1001 1590 praefigebant
1029 1526 1143 1566 nornen
1164 1515 1224 1567 aut·

106 1620 212 1680 suum,
238 1614 298 1665 aut
317 1602 401 1685 quod
424 1602 551 1686 vellent,
573 1616 603 1667 et
633 1606 765 1689 agebant
792 1608 826 1667 in
845 1605 963 1667 litteras
983 1604 1145 1667 latrocinia
1163 1606 1226 1665 im*

105 1720 203 1782 pune,
225 1712 379 1786 tantaque
410 1704 572 1767 securitate
599 1716 641 1767 et·
657 1704 862 1789 impudentia,
890 1715 957 1785 aut,
978 1707 1004 1765 si
1025 1707 1136 1783 mavis,
1158 1714 1226 1765 stu·

107 1820 195 1881 pore,
220 1814 262 1865 ut
282 1802 358 1865 furti
378 1806 550 1887 veterisque
571 1804 688 1867 domini
709 1804 824 1865 indicia
849 1824 915 1867 non
934 1803 1090 1867 tollerent.
1131 1799 1226 1882 Quod

111 1899 291 1965 luctrlenter
311 1914 453 1986 testatur,
482 1926 522 1967 ne
542 1903 603 1967 alia
630 1904 798 1987 proferam,
820 1904 972 1967 indiculus
1001 1906 1227 1987 Imperatorum

114 1998 323 2065 CPtanorum
340 2025 359 2065 a
379 2005 544 2067 Lambeeio
564 2006 604 2067 ad
625 2004 779 2073 Codinum
794 2005 853 2067 sub
867 2005 960 2068 buius
971 2006 1097 2065 nomine
1112 2002 1225 2065 editum

195 2100 228 2184 ς.
253 2103 287 2165 5.
339 2104 390 2165 De
416 2104 574 2167 exhibitis
606 2105 642 2165 in
670 2106 732 2167 boc
760 2105 923 2169 uolumine
931 2149 945 2183 ,
968 2117 1001 2166 et
1020 2106 1056 2166 in
1077 2115 1229 2167 secuturo·

115 2200 333 2274 subbaudis„
367 2204 555 2265 Praelationi
574 2204 690 2265 subieci
714 2203 755 2267 cl.
773 2206 948 2267 Decessoris
962 2206 1023 2267 mei
1037 2204 1228 2266 dissertatio·
1287 2232 1292 2245 ¹

116 2320 185 2363 nem
207 2303 250 2365 de
271 2304 474 2367 Constantino
486 2302 793 2387 Porphyrogenueto,
808 2325 902 2387 quam
914 2307 941 2365 is
958 2324 1040 2365 anno
1062 2303 1143 2388 1746
1160 2302 1228 2364 edi·
1322 2376 1324 2380 ¹

115 2399 171 2464 dit.
227 2404 339 2468 Vitam
365 2415 487 2466 enarrat
508 2404 704 2487 Imperatoris
724 2404 764 2466 ab
784 2424 891 2465 amore
914 2415 945 2466 et
972 2402 1081 2466 studiis
1109 2402 1228 2465 littera·

120 2521 187 2564 rum
207 2503 443 2568 celebratissimi
464 2525 542 2588 pura
563 2515 594 2567 et
614 2503 744 2588 eleganti
765 2504 912 2582 dictione,
933 2515 1081 2586 grataque
1100 2514 1131 2565 et
1151 2523 1227 2564 oon·

120 2603 208 2666 cinna
226 2605 396 2682 brevitate,
416 2603 576 2688 bonaeque
600 2605 696 2690 frugis
714 2603 979 2666 observationibus
993 2606 1096 2664 niteb-
1125 2602 1358 2682 Quanam

121 2699 160 2763 cl.
174 2703 318 2787 spiraculi
334 2705 454 2767 Auctor
466 2706 498 2765 in
513 2705 573 2766 fine
592 2706 745 2787 promittit
767 2704 1026 2781 dissertationem,
1049 2700 1136 2764 velut
1156 2701 1228 2763 alte·
1322 2693 1326 2702 ’

121 2821 185 2872 mu
214 2809 386 2888 musantia
416 2817 549 2889 partem,
569 2805 608 2868 de
633 2806 825 2867 Constantini
854 2804 974 2888 scriptis
1007 2813 1038 2864 st
1057 2805 1091 2864 in
1110 2802 1227 2865 litteras
1301 2837 1305 2846 ·

121 2907 259 2983 meritis,
289 2927 357 2969 eam
385 2907 504 2968 ineius
525 2906 645 2968 schedis
670 2907 806 2989 reperire
826 2925 890 2965 non
908 2905 996 2987 potui
1016 2904 1224 2966 elaboratam:

120 3016 311 3090 quapropter
329 3007 480 3069 sarciendi
514 3005 649 3066 delectus
678 3008 776 3087 gratia
805 3000 1000 3066 decreveram
1036 3002 1231 3086 particulam,

124 3122 199 3187 quae
218 3105 304 3168 idern
328 3115 546 3189 argumentum
567 3108 750 3188 exsequitur,
770 3127 789 3165 e
809 3104 858 3166 Cl.
880 3105 1021 3168 Faaarcu
1042 3102 1231 3165 Bibliotheca

124 3197 240 3266 Graeca
261 3217 410 3288 repetere.
458 3205 519 3267 Sed
546 3227 643 3289 quum
665 3205 743 3267 liber
763 3207 797 3267 ia
816 3207 955 3266 omnium
969 3225 1063 3266 mauu
1083 3207 1135 3282 sit,
1156 3205 1230 3264 satis

128 3313 170 3364 est
192 3304 268 3366 illuc
292 3304 419 3388 cupidos
441 3304 592 3389 ablegare.
634 3307 752 3389 Repetii
770 3299 875 3368 tamen
893 3306 966 3367 inde
985 3307 1126 3366 notitiam
1140 3303 1232 3366 buius

129 3401 250 3466 Codicis
268 3405 308 3468 ab
322 3404 528 3468 Uffenbacbio
541 3405 708 3469 conditam.
751 3407 897 3490 Sequitur
909 3404 964 3468 illa
975 3406 1143 3489 praemissa
1166 3404 1233 3487 ipse

130 3505 245 3584 primus
276 3505 522 3568 &omousiani
543 3507 665 3570 Codicis
689 3505 901 3569 cerimonialis
930 3505 1022 3584 liber,
1042 3525 1114 3568 cum
1136 3505 1233 3566 iuter-

130 3608 301 3682 pretatione
329 3608 464 3690 primum
493 3606 617 3691 quidem
648 3606 827 3686 Leicbiaua,
858 3627 937 3690 quae
967 3627 1066 3690 usque
1094 3605 1135 3668 ad
1162 3623 1232 3688 pag.

133 3721 187 3766 aar
215 3706 375 3790 procedit3
397 3705 510 3769 deinde
528 3727 604 3770 vero
624 3729 693 3770 mea
713 3726 811 3790 risque
831 3707 871 3770 ad
892 3708 996 3777 finem
1039 3705 1155 3771 Addidi
1168 3705 1236 3791 pri-

133 3819 181 3866 mo
208 3805 290 3870 libro
318 3791 404 3868 velut
423 3806 624 3890 appendicem
658 3806 711 3869 illa
730 3817 894 3891 praecepta
921 3805 1078 3886 militaria,
1102 3827 1181 3890 quae
1200 3807 1234 3868 in

136 3902 234 3970 odies
254 3915 360 3969 norbo
381 3911 590 3990 manuscripto
610 3909 732 3970 initium
751 3908 893 3970 facientia
912 3929 970 3990 per
989 3909 1104 3990 primas
1117 3905 1232 3989 viginti

136 4003 324 4070 membranas
355 4007 570 4070 decurrebant.
613 4007 780 4070 Potueram
798 4026 867 4072 eam
894 4006 1079 4090 particulam
1099 4001 1234 4067 secuado
1362 4037 1366 4050 ·

140 4095 212 4174 libb)
232 4107 436 4192 autumare.
460 4108 512 4180 tad
534 4105 704 4190 cavendum
732 4107 808 4178 mibi
829 4117 916 4189 etat,
946 4129 986 4170 ne
1005 4105 1156 4191 posterius
1176 4121 1235 4165 aa·
