3042 4825
299 235 580 311 nacmnrorr.
609 225 1067 310 emmeramme
1156 204 1236 312 541

136 401 252 492 πρώτη
274 403 333 466 τού
352 393 561 484 Αὐγούστου,
585 393 706 481 ύφειἏει
719 391 916 475 ’ἕξέρχτσθαι
938 383 1025 478 αύτῇ
1042 392 1085 478 τῇ
1105 394 1243 480 κυριακῇ

135 508 198 590 τῆς
217 501 379 588 τετράδος,
404 493 502 584 ἤγουν
522 493 584 582 πρὸ
605 495 704 580 τριῶν
723 488 853 578 ἡμερῶν
870 492 927 574 τῇς
946 486 1073 576 πρώτης
1092 495 1151 556 τού
1168 492 1243 556 At-

135 601 289 690 γούστου.
331 603 362 667 εἰ
383 601 419 664 di
439 599 473 664 ἐν
493 593 515 661 τ’
535 597 617 684 λύχῇ
641 593 662 678 ἧ
684 590 795 678 προύτη
815 591 877 654 τού
895 584 1095 672 Αύγούοτου,
1119 582 1243 678 ὀφείλει

137 705 332 789 ε’ξέρχεσθαι
353 699 437 786 αύτῇ
455 699 495 786 τῇ
515 695 652 784 κυριακῇ
668 693 723 777 τῇς
744 687 777 772 τ’,
799 681 897 774 ἤγουν
915 686 976 773 rapi
992 690 1019 751 δ’
1038 689 1168 776 ῇμεραῖν
1186 691 1243 776 τῆς

113 800 265 889 ὄπρώτνγς
284 802 341 865 τού
360 795 561 880 Αὐγούστου.
604 795 635 858 εἰ
654 795 691 856 δὲ
710 793 744 855 ἐν
764 789 967 874 παρασκευῆς
986 787 1069 877 λύχῇ
1092 788 1113 872 ἦ
1132 786 1243 874 πριύτη

136 903 201 967 τού
214 895 415 982 Αύγούστοα,
438 890 560 982 ripariae
576 894 764 978 ἔξὲρχεσβαι
784 880 868 975 αύτῇ
886 889 928 975 τῇ
947 888 1084 974 κυριακῇ
1097 889 1155 973 τῇς
1175 907 1269 959 rsa-c

139 1001 318 1088 ρασκτυῇς,
355 988 453 1080 ἤγουν
471 989 533 1078 πρύ
556 991 579 1056 a'
603 988 730 1076 ἧμτρῶν
750 991 808 1074 τῇς
829 983 857 1051 α’
877 989 937 1050 τού
957 985 1170 1069 Αύγσύστου.
1212 987 1243 1050 εἰ

138 1101 179 1167 δὲ
201 1102 236 1164 ἐν
257 1093 408 1183 σαββάτῳ
429 1089 512 1180 λύχῃ
532 1091 554 1175 ἧ
572 1088 681 1176 πρώτη
703 1091 762 1153 τού
776 1084 983 1170 Αύγούστου,
1007 1085 1132 1172 ὀφείλει
1153 1086 1241 1171 ἐξέρ-

136 1202 259 1282 χεσθαι
281 1193 362 1281 αύτῇ
382 1195 422 1280 τῇ
442 1191 580 1276 κυριακῇ
600 1191 657 1254 τού
677 1184 859 1272 σαββάτου,
897 1175 994 1270 ἤγουν
1026 1181 1087 1270 πρὸ
1108 1186 1143 1264 ’ἐξ
1161 1182 1241 1269 ἡμι-

98 1299 207 1385 ιοριόν
227 1297 282 1380 τῇς
302 1292 330 1357 α’
352 1293 408 1356 τού
428 1286 629 1373 Αύγούοτου.

600 1441 705 1510 Kar).
726 1437 777 1505 θ’.

169 1593 247 1652 'Oce
263 1593 309 1648 dat
324 1588 560 1667 παραφυλάττειν
578 1593 613 1661 τῇ
633 1587 716 1662 ἑορτῇ
735 1590 784 1654 τῆς
803 1588 965 1662 κοιμήσεως
979 1589 1029 1657 τῆς
1044 1587 1205 1665 ύπτραγίας

464 1678 606 1732 &ortano
625 1675 866 1749 μρνὶΛύγούστρ
884 1679 918 1731 ιτ.

224 1815 266 1880 Εἰ
275 1809 395 1879 κελεύει
417 1809 601 1897 ὄβασιλεύς
617 1811 767 1877 ἀπελθεῖν
787 1811 844 1877 καὶ
861 1816 1083 1898 παννυχεύσαι
1104 1812 1139 1877 ἐν
1158 1816 1269 1895 iiia-1)

99 1917 284 2002 ιόχὲρναις,
320 1913 492 2000 α’πέρχιται
523 1915 564 2001 τῇ
591 1908 652 1998 πρὸ
678 1913 757 1994 μιᾶς
783 1911 925 2000 ῇμεριύν,
968 1912 1024 1977 κατ’
1041 1911 1236 1997 ἐκτελιῖτῇν

133 2011 336 2095 παννυχίδα.
377 2013 418 2100 τῇ
452 2012 487 2076 δὲ
517 2008 688 2098 ἐπαύριον,
725 2003 822 2094 ῇγσυν
849 2015 890 2099 τῇ
911 2009 1015 2101 ῇμέρρ
1041 2013 1097 2096 τῇς
1116 2005 1237 2098 ἓσρτῇς,

138 2111 352 2197 προέρχονται
371 2105 508 2186 ἅπαντες
528 2105 667 2193 ἐννύχιοι
686 2109 770 2190 μετὰ
793 2101 998 2192 ύλλαξύμων,
1035 2111 1069 2176 οἳ
1088 2135 1123 2175 τε
1142 2106 1237 2195 μα’γυ-

140 2229 229 2294 στροι
250 2205 306 2272 καί
321 2204 532 2294 πραιπὸσιτοι,
553 2209 714 2292 πατρίκιοι
733 2205 790 2271 καί
810 2203 1032 2294 ὄφφικιύλιοι·
1074 2207 1105 2274 οἱ
1126 2211 1162 2274 δὲ
1181 2211 1237 2276 sd-

140 2309 249 2391 νούχοι
274 2302 561 2393 πρωτοσπαθύριοι
579 2300 660 2386 parci
682 2307 748 2371 τῶν
769 2304 951 2390 ἄλλαξύμων
971 2302 1094 2392 αύτούν,
1115 2305 1237 2393 βαστύ-

141 2518 206 2563 ante
229 2510 356 2563 calendas
382 2508 505 2579 Augusti.
551 2508 581 2561 Si
611 2508 741 2578 deinceps
764 2508 891 2562 incidant
912 2511 978 2563 illae
997 2511 1128 2564 calendae
1146 2516 1176 2566 in
1193 2524 1238 2568 te.

140 2582 218 2635 trada
238 2581 296 2655 [seu
319 2589 444 2651 quartam
468 2579 566 2631 feriam
585 2579 631 2631 vel
648 2579 721 2631 diem
734 2578 875 2654 Mercurii]
917 2581 1001 2634 debet
1020 2582 1046 2635 S.
1061 2583 1134 2636 Crux
1146 2588 1238 2637 efferri

141 2652 187 2704 dic
207 2652 345 2704 dominica
359 2651 435 2702 iliam
457 2650 564 2703 tetrada
578 2650 703 2719 proxime
722 2619 921 2716 antecedendo,
948 2669 997 2704 aen
1014 2650 1060 2703 die
1077 2656 1161 2705 tertio
1172 2664 1237 2709 ante

140 2722 277 2775 calendas.
327 2725 367 2773 lta
391 2736 503 2803 quoquc
529 2720 553 2770 si
583 2718 714 2771 calendae
743 2722 774 2773 in
797 2721 945 2792 pemptada
974 2720 1032 2795 [scu
1060 2725 1184 2805 quintam
1206 2727 1238 2778 in

142 2792 298 2848 seriamrel
319 2789 492 2863 diemiovrs]
517 2789 657 2853 incidant,
684 2790 769 2843 debet
790 2794 817 2846 S.
841 2792 915 2844 Crux
932 2792 977 2844 die
997 2792 1135 2845 dominica
1159 2796 1238 2850 illam

142 2865 267 2935 quintam
284 2862 381 2913 seriam
400 2862 524 2931 proxime
546 2860 727 2929 praecedente
752 2879 801 2914 seu
827 2872 926 2932 quarto
950 2863 995 2914 die
1018 2872 1083 2915 ante
1110 2868 1239 2921 calendas

141 2935 238 2986 efferri.
277 2933 306 2985 si
326 2931 447 3001 denique
464 2932 493 2981 in
510 2946 677 3000 parasceuen
704 2932 744 3009 [id
763 2942 805 2985 est
827 2941 931 2985 sextam
950 2934 980 2985 in
992 2933 1090 2986 seriam
1105 2938 1150 2988 rel
1164 2937 1239 2990 diem

140 3003 266 3076 Veneris]
288 3003 413 3056 incidant
429 3000 575 3065 calendae,
606 3001 690 3056 debet
709 3006 734 3056 S.
754 3005 829 3058 Crux
852 3004 898 3056 die
916 3005 1053 3058 dominica
1069 3023 1238 3075 parasceuen

141 3076 219 3128 iliam
236 3075 360 3143 proxime
382 3070 565 3141 praecedente
580 3090 628 3125 reu
647 3073 693 3127 die
712 3078 815 3197 puinto
834 3083 898 3127 ante
922 3076 1048 3129 calendas
1067 3082 1163 3132 efferri.
1203 3080 1233 3133 si

140 3144 251 3199 tandem
270 3146 301 3196 in
319 3142 462 3195 sabbatum
490 3141 617 3195 incidant
634 3144 710 3197 calen
731 3162 764 3199 ae
781 3146 913 3215 Augusti,
941 3144 1026 3200 debet
1047 3148 1073 3200 S.
1096 3148 1169 3203 Crux
1188 3150 1237 3204 dic

141 3216 278 3268 dominica
303 3214 446 3281 septimam
472 3214 558 3265 iliam·
574 3212 671 3267 seriam
694 3230 743 3269 seu
766 3214 877 3269 sabbati
903 3214 977 3270 diem
997 3218 1177 3275 antecedente
1194 3222 1239 3275 rel

144 3286 190 3340 die
211 3292 275 3339 ante
296 3284 423 3339 calendas
441 3292 518 3338 sexto
536 3284 635 3340 efferri.

627 3403 701 3461 car.
718 3425 744 3477 9.

163 3525 395 3584 observandam
410 3526 488 3601 fiseo
511 3525 723 3581 obdormitionis
741 3530 933 3584 sanctissimae
957 3528 1159 3603 Deigenitricis
1175 3530 1221 3587 die

508 3616 628 3687 Augusti
651 3612 866 3686 decimoquinto.

210 3749 238 3801 Si
258 3750 337 3820 cupit
353 3752 504 3819 Imperator
521 3768 617 3821 magno
636 3768 651 3802 e
670 3752 774 3819 palatio
799 3754 875 3807 exire
890 3752 919 3805 in
935 3753 1098 3807 blachernae
1120 3752 1157 3807 ad
1174 3770 1237 3822 per·

140 3820 273 3889 agendum
299 3821 340 3872 ihi
378 3822 508 3875 devotum
536 3822 725 3891 pervigilium,
751 3823 820 3875 iacit
846 3822 877 3874 id
900 3823 948 3877 die
973 3826 1098 3893 proxime
1121 3842 1236 3895 praeee-

142 3890 237 3953 dentc‚
262 3907 392 3961 sacroque
412 3893 555 3962 pervigilip
575 3892 753 3963 defungitur;
778 3903 807 3946 et
832 3902 890 3947 tum
917 3895 1004 3949 altero
1029 3912 1121 3959 marae,
1145 3894 1176 3948 id
1193 3904 1236 3951 eat

100 3982 106 3989 ·
133 3962 201 4030 'ipso
221 3962 291 4014 festo
310 3962 365 4024 die,
379 3962 532 4031 procedunt
543 3980 652 4025 ornnes,
670 3963 715 4016 dic
724 3963 848 4017 nondum
870 3982 981 4035 prorsus
999 3966 1107 4030 oborto,
1127 3967 1157 4017 in
1173 3984 1236 4027 ται-

140 4033 248 4083 tatoriis
258 4032 371 4102 quidem
385 4036 508 4102 magistri
527 4042 556 4085 et
573 4034 723 4103 praeponiti
743 4042 772 4087 ct
781 4036 895 4105 patricii
903 4044 932 4089 et
949 4036 1095 4101 officialem
1115 4034 1237 4093 eunachi

141 4109 233 4153 autem
255 4102 474 4173 protospatharii
492 4110 603 4177 praeter
619 4107 766 4159 mutatoria
783 4124 833 4159 sua
856 4123 966 4178 qnoque
982 4106 1169 4179 spathobaciia
1187 4125 1237 4177 ρι-

142 4176 229 4247 ιιτῃιρ
262 4174 366 4227 oeciaci
398 4182 490 4231 autem
523 4192 572 4231 seu
601 4174 750 4233 familiares
773 4177 818 4233 vel
841 4176 985 4235 domestici
1020 4176 1236 4251 protospatharii
