3042 4825
285 208 365 307 164
484 230 754 297 consilinm
794 228 1156 308 nonnemocnnm

248 402 343 453 Ινσαν
361 382 423 451 α’πδ
443 387 501 449 τοῦ
516 384 608 467 ἁγίου
630 380 766 469 φρέατος
785 383 831 458 εἷς
852 381 907 447 τὸν
922 382 1007 465 ναὸν,
1029 386 1085 448 καί
1099 384 1376 471 προσκυνήσαντες.

279 480 432 567 ἀλλήλους
452 482 509 546 καί
530 477 762 562 ἀσπασάμενοι,
799 484 996 568 εἰσέρχονται
1014 484 1061 557 εἰς
1084 479 1140 547 τόν
1162 478 1255 547 ναόν.
1297 483 1371 548 ddi

277 580 428 666 βασιλεῦς
447 576 553 645 tineos
580 578 713 665 κηροδς,
750 570 878 662 εῦχεται
898 576 1077 664 ἔμπροσθεν
1098 583 1162 644 ταῖν
1185 580 1283 664 ἁγίων
1306 585 1369 646 θν-

278 682 352 765 ριῦν,
372 681 429 743 καί
444 674 612 759 εὐξάμενος
629 678 805 762 εἰσέρχεται
820 678 864 754 εἰς
886 674 921 742 τῦ
942 676 1181 763 θυσιαστήριον,
1201 681 1258 743 καί
1271 702 1368 764 προσ.

275 778 414 864 κυνήσας
434 774 492 861 τὴν
512 777 606 860 ἁγίαν
632 774 789 861 τράπεζαν
814 778 871 840 καί
899 773 1082 857 εῦξᾶμενος,
1121 778 1282 862 ἐξέρχεται
1303 761 1390 848 duis

276 882 335 943 τοῦ
355 874 495 960 βήματος
514 878 571 939 καί
586 877 745 960 διέρχεται
767 873 819 938 διδ
839 879 895 959 τῆς
909 878 1059 951 σωλαίας.
1099 877 1244 958 μέλλοντι
1261 878 1296 941 δὲ
1316 880 1368 954 ἔξ-

274 980 429 1061 έρχεσθαι
448 972 505 1059 τὴν
532 974 689 1054 σωλαίαν,
722 974 907 1039 ἐπιδιδωσιν
929 968 1018 1062 αὐτῷ
1040 972 1058 1038 δ
1077 972 1286 1060 πραιπόσιτος
1311 999 1367 1060 κη-

276 1079 344 1163 ρίον
366 1076 553 1153 λιτανίκιον,
585 1073 642 1135 καί
658 1074 780 1147 ευθέως
803 1062 955 1157 δι’ρχονται
973 1068 1014 1135 sd·
1029 1068 1199 1159 τροπάριον
1218 1076 1274 1157 τῆς
1299 1066 1367 1157 iop-

274 1176 349 1258 τῆς·
391 1171 549 1257 ,σήμερον
564 1174 620 1255 τῆς
636 1175 795 1257 σωτηρίοις
816 1173 907 1253 ἡμῶν
923 1169 959 1235 τδ
983 1168 1157 1257 κεφάλαιον
1162 1175 1194 1253 ,'’
1212 1171 1378 1257 κρατοῦσι

125 1259 309 1337 ΕΜ’·θλδδ
331 1274 425 1357 κηρίον
450 1265 598 1345 ἅπαντας.
641 1272 697 1334 καί
723 1267 963 1356 δηριγευδμενος
987 1270 1051 1333 riuti
1076 1267 1200 1339 πάντων
1223 1269 1240 1334 δ
1268 1276 1405 1353 βασι-ιο

188 1410 191 1417 =
272 1367 363 1450 λεδς,
386 1371 544 1453 διέρχεται
564 1369 662 1451 μέσον
679 1370 737 1433 τοῦ
763 1370 843 1433 ναοῦ
860 1370 917 1432 καί
933 1370 1096 1454 ἐξέρχεται
1112 1367 1166 1433 δαὶ
1182 1372 1245 1435 cois
1268 1372 1364 1451 βασι-

271 1471 367 1535 λικῶν
391 1472 516 1550 πυλοῦν,
549 1464 753 1553 διερχόμενος
779 1465 831 1531 διοὶ
850 1491 883 1531 τε
898 1470 956 1531 τοῦ
968 1466 1122 1553 νάρθηκος
1135 1472 1193 1532 τοῦ
1211 1470 1363 1552 λουτῆρας

271 1572 327 1634 καί
346 1571 404 1633 τοῦ
429 1562 560 1652 α’θῦρα,
590 1567 749 1651 ἐξέρχεται
771 1568 807 1631 ἐν
832 1569 876 1653 τῷ
897 1570 1010 1654 μιλίιρ,
1037 1566 1183 1632 ια’κεῖθεν
1201 1566 1364 1651 διέρχεται

269 1665 329 1751 τὴν
345 1668 446 1750 μέσην
462 1666 519 1729 καί
533 1664 700 1749 α’νέρχεται
715 1666 750 1728 ἐν
767 1667 811 1750 τῷ
829 1660 936 1752 φόρηι,
957 1664 1015 1728 καί
1026 1664 1175 1729 α’πελθών
1189 1665 1287 1748 μέχρι
1301 1666 1363 1729 τοῦ

258 1769 379 1845 κίονος,
401 1762 480 1828 ἔνθα
498 1766 689 1847 καθίδρυται
710 1759 823 1836 δναδς
841 1766 901 1826 τοῦ
925 1762 1014 1845 ἁγίαν
1034 1764 1290 1843 Romanam,
1319 1763 1401 1832 os’·s5

269 1868 416 1949 νέρχεται
430 1859 466 1927 τοὶ
479 1858 659 1944 ἔμπροσθεν
679 1857 837 1945 γραδήλια
850 1862 916 1933 ,τοῦ
936 1862 1025 1939 ναοῦ,
1039 1860 1095 1923 καί
1104 1861 1229 1924 ἵσταται
1248 1862 1359 1943 detor,

269 1962 508 2043 έπακουμβίζιον
527 1964 571 2045 τῷ
585 1960 676 2045 δεξιῷ
696 1958 790 2042 με’ρει
808 1960 866 2022 τοῦ
883 1960 1067 2041 καχκέλλου.
1109 1956 1202 2041 ἡνίκα
1227 1960 1262 2023 δὲ
1282 1962 1361 2040 μέλ-

271 2066 319 2124 λει
334 2059 526 2143 ἀνέρχεσθαι
542 2055 580 2122 τοὶ
596 2052 677 2121 αῦτδ
695 2052 821 2142 βάθρα,
849 2058 962 2122 δίδωσι
974 2060 1022 2146 τῷ
1042 2061 1239 2145 πραιποσίτιρ
1258 2057 1294 2124 τὸ
1310 2065 1362 2123 λι-

272 2161 409 2224 τανίιιιον
435 2157 557 2243 κηρίον.
599 2152 630 2219 οἱ
650 2156 686 2219 δέ
704 2160 865 2240 πατρίκιοι
890 2155 947 2218 καί
975 2153 997 2237 ἦ
1022 2151 1191 2239 σῦχκλητος
1215 2158 1361 2222 ἵστανται

132 2260 181 2311 Mt·
193 2279 233 2332 79·
245 2253 356 2323 burim
373 2244 582 2340 πλησίοντιῦν
601 2248 722 2333 κιόνων,
743 2251 862 2334 δμοίως
878 2254 934 2317 καί
950 2250 980 2316 οἱ
1001 2253 1107 2316 λοιποί
1121 2254 1185 2318 τοῖν
1195 2254 1400 2336 ταχμῦτωντο

244 2357 421 2424 simonae
431 2356 512 2440 ε’ντῇ
522 2354 603 2441 μέση
616 2356 673 2417 τοῦ
683 2346 781 2438 φόρον
795 2348 885 2416 ἔνθεν
892 2352 1025 2417 κιῖκεῖσε.
1040 2347 1070 2414 oi
1082 2350 1359 2435 δέπροιτοσπαθιί-

269 2439 406 2540 proceni
423 2452 452 2520 οἱ
463 2455 569 2517 λοιποί
580 2454 740 2534 βασιλικοί
749 2453 891 2516 ἵστανται
909 2452 943 2515 ἐκ
956 2451 1066 2527 δεξιῶν
1079 2453 1136 2514 τοῦ
1152 2452 1307 2530 βασιλέως
1324 2455 1360 2519 ἐν

268 2559 308 2642 τῇ
321 2556 401 2642 μίση
415 2556 472 2618 τοῦ
489 2548 601 2638 φόρου,
620 2547 772 2625 ὡσαύτως
791 2551 848 2614 καί
864 2551 899 2628 έξ
914 2547 1088 2633 δριστερᾶς.
1116 2548 1184 2636 (Γ)
1204 2551 1360 2617 Καταλα-

269 2652 335 2736 dois
351 2657 386 2720 δὲ
399 2653 415 2716 ὁ
431 2650 625 2738 πατριᾴρχης
637 2646 714 2731 μετὰ
725 2651 783 2732 τῆς
795 2649 891 2731 λιτῆς,
906 2649 1067 2732 διέρχεται
1076 2651 1173 2728 μέσον
1189 2642 1305 2732 oticsis,
1320 2649 1357 2716 τδ

269 2754 305 2817 δὲ
331 2754 502 2834 πολίτευμα
523 2749 650 2816 ἵσταται
669 2749 703 2815 ἐν
723 2749 768 2836 τῷ
787 2741 943 2835 ἀριστερῷ
962 2746 1054 2833 μέρει
1075 2749 1131 2831 τῆς
1147 2744 1396 2834 προελεῦσωιςας

269 2975 387 3045 excipit,
413 2975 485 3028 unde
515 2985 579 3046 post
598 2983 721 3030 mutuam
744 2974 935 3026 adorationem
952 2980 981 3026 et
1001 2972 1195 3030 stlntationem
1221 2977 1355 3045 templum

268 3046 468 3114 ingrediuntur.
505 3048 654 3116 Imperator
671 3048 705 3098 ad
724 3054 829 3097 sanetas
851 3045 948 3095 ianuas
972 3061 1032 3096 cnm
1051 3047 1136 3098 cereis
1156 3049 1276 3100 accensis
1291 3063 1356 3116 pre-

269 3125 363 3178 catus,
383 3117 528 3166 sncrnrium
543 3117 641 3179 intrat,
660 3123 809 3186 sanctaque
824 3130 917 3166 mensa
930 3113 1057 3178 adorato,
1076 3126 1203 3184 precatur
1222 3125 1282 3170 etc
1303 3116 1354 3168 bc·

268 3185 428 3249 mulcebit,
454 3203 558 3258 perque
579 3187 681 3238 solonm
700 3187 804 3238 transit
850 3183 927 3236 Unde
942 3201 1081 3252 egressuro
1095 3189 1354 3257 praepositnscero-

268 3273 315 3306 um
327 3256 554 3324 processionalem
570 3257 670 3318 tradit,
691 3257 840 3326 statimque
865 3257 1014 3326 troparium
1036 3258 1233 3323 protensionis:
1262 3257 1351 3311 Hodie

266 3328 367 3380 solrstis
381 3339 493 3380 nostros
508 3339 606 3390 capnt,
624 3342 717 3377 omnes
730 3342 822 3378 coreos
852 3331 978 3376 tenentes
1002 3325 1155 3380 ordiuntur.
1191 3331 1351 3397 Imperator,

268 3395 396 3457 omnibns
420 3394 630 3458 comitantibus,
649 3413 699 3465 per
720 3395 842 3447 medium
861 3395 993 3464 templum
1012 3397 1124 3461 transit,
1149 3405 1179 3449 et
1216 3415 1245 3450 er
1264 3398 1352 3465 regias

266 3474 358 3546 portas
371 3465 508 3534 egreditur
525 3482 630 3538 perque
643 3465 801 3522 nartlrecom
818 3465 973 3534 baptisterii
989 3473 1018 3518 et
1037 3465 1161 3534 athyrcsn
1177 3416 1214 3520 ad
1227 3469 1354 3530 milium,

267 3534 332 3586 snde
346 3551 394 3604 per
405 3536 523 3588 mediam
540 3537 684 3600 transiens,
702 3535 839 3588 odiorum
856 3542 885 3586 ct
897 3535 1050 3587 columnam
1061 3539 1164 3608 templo
1179 3539 1265 3591 sancti
1281 3538 1356 3589 Con·

267 3606 381 3656 stantini
406 3607 556 3674 proximam
575 3607 678 3676 pergit3
697 3605 745 3658 ubi
762 3605 880 3676 gradus,
899 3605 947 3677 qui
969 3615 1032 3658 ante
1053 3610 1186 3678 templum
1208 3613 1286 3668 snnt,
1303 3605 1355 3657 ad-

268 3675 392 3738 scendit,
416 3684 444 3727 ct
465 3675 506 3726 ihi
530 3677 713 3741 constitutus,
736 3676 833 3730 dextro
851 3675 1033 3728 cancellorum
1047 3677 1126 3730 lateri
1145 3676 1286 3730 incumbit
1321 3677 1355 3730 ln

257 3743 340 3796 ·hanc
359 3745 458 3796 scalam
484 3761 661 3810 ascensurus,
690 3745 920 3816 processionalem
948 3760 1055 3798 cereum
1100 3747 1236 3817 raepoaito
1254 3745 1354 3798 reddit.

265 3815 375 3867 Patricii
392 3823 420 3865 et
435 3823 543 3867 senatus
557 3833 642 3886 prope
655 3817 827 3879 columnam,
854 3817 961 3886 reliqua
979 3817 1069 3868 officia
1080 3766 1150 3870 lsinc
1166 3816 1232 3868 inde
1248 3817 1278 3866 in
1294 3832 1353 3868 sns-

267 3884 312 3936 dia
324 3883 387 3948 sori,
403 3885 615 3954 protospatharii
626 3895 654 3940 et
663 3887 762 3958 reliqui
775 3886 948 3955 imperatoris
963 3887 1082 3939 ministri
1095 3889 1130 3940 ad
1143 3887 1264 3940 dextram
1275 3894 1305 3938 et
1315 3886 1355 3938 si-

266 3955 380 4007 nistram
401 3955 460 4006 eins
475 3954 506 4006 in
530 3955 621 4008 medio
649 3957 709 4009 loro
735 3956 852 4010 adstant.
888 3955 961 4026 (111.)
987 3958 1141 4011 Patriarclrs
1161 3975 1224 4010 cona
1243 3956 1352 4009 solenni

267 4025 398 4077 comitatu
410 4039 460 4093 per
479 4040 526 4076 cos
540 4026 644 4078 medios
658 4025 798 4098 procedit,
814 4033 905 4094 patros
918 4027 1063 4097 conscripti
1079 4029 1109 4082 in
1121 4030 1232 4080 sinistro
1244 4043 1354 4096 proces-

267 4095 352 4150 sionis
371 4095 457 4153 tatere
478 4109 564 4167 prope
586 4105 724 4166 sonatum,
743 4095 874 4170 (aedificii
885 4111 985 4150 nomen
997 4100 1066 4170 ιιι,)
1085 4097 1201 4172 orphani
1219 4099 1250 4154 in
1261 4096 1354 4152 medis
