3042 4825
191 1496 196 1503 .
269 1440 355 1503 straii
374 1464 391 1503 a

272 290 327 351 Lii
475 284 531 349 10.
561 286 684 351 iiENii.
715 285 866 353 LEiCiiii
895 286 1199 355 constentino

272 442 397 503 sectaret
408 440 456 521 ¹)=
478 440 562 523 quod
580 450 696 519 mmen,
721 444 765 503 sic
796 440 971 507 volentibus
993 444 1083 523 fatis,
1107 445 1197 507 brevi
1224 464 1370 507 consecu-

272 534 322 585 tus
343 536 400 587 est.
444 524 545 601 Haec,
566 545 741 607 quanquam
764 524 867 607 piures
893 547 950 608 per
972 550 1070 590 annos
1090 538 1193 611 gesta,
1214 531 1370 608 coniunxi,

272 628 313 668 ne
331 608 429 669 divisa
449 608 549 668 tacdio
576 607 655 668 forte
676 608 822 670 lectorem
841 607 1008 672 afficerent.
1156 614 1159 619 ’

357 694 397 756 Χ.
439 691 483 752 At
503 693 536 752 in
561 690 694 753 Thracia
715 692 828 777 dispari
844 706 957 755 eventu
976 706 1148 779 pugnatum
1171 706 1227 772 est,
1247 694 1371 772 Turcis,

274 776 376 859 quiet
397 774 534 856 Ungari,
554 778 708 857 proxImos
736 798 793 858 per
818 798 943 861 campos
965 778 1089 857 effusis,
1122 800 1159 841 oo
1187 778 1372 855 violentius,

274 858 368 943 quod,
390 856 541 931 distractis
561 870 628 919 tum
650 861 755 941 copiis,
775 860 886 921 ducem
906 874 1065 923 strenuum
1086 862 1145 923 sibi
1168 861 1292 923 obviam
1313 864 1372 922 itu·

273 965 360 1020 rum,
382 962 445 1003 non
470 942 625 1004 rebantur.
665 946 778 1005 Missus
793 947 825 1004 in
855 944 912 1006 hos
941 945 1061 1007 Pothus
1087 945 1244 1028 Argyrus,
1265 946 1371 1005 Patri-

270 1028 353 1103 cius,
374 1037 499 1109 onustos
520 1025 653 1109 praeda,
683 1048 781 1109 eoque
804 1028 997 1109 impeditiore
1020 1030 1142 1111 agmine
1166 1040 1290 1105 euntes,
1321 1049 1372 1089 su·

270 1108 336 1170 bito
351 1111 473 1185 invasit,
494 1112 630 1190 captivos
645 1118 676 1169 et
688 1109 821 1191 praedae
838 1122 958 1192 partem
973 1115 1088 1194 recepit
1095 1113 1132 1192 Ἰ).
1175 1110 1274 1172 Pardo
1297 1121 1372 1174 ante

270 1192 332 1253 duo
355 1212 390 1252 ex
415 1193 601 1274 primoribus
623 1197 740 1277 gentis,
770 1196 824 1275 qui
853 1216 925 1255 cum
949 1195 1042 1255 turba
1063 1214 1291 1271 convenarum,
1315 1205 1372 1257 aut

270 1275 303 1336 in
327 1277 468 1353 Graecia,
490 1286 543 1336 aut
567 1277 599 1335 in
624 1276 778 1358 Buigaris,
800 1276 878 1338 forte
900 1277 1122 1354 consederant,
1144 1298 1220 1359 pace
1242 1280 1275 1339 in
1295 1298 1370 1359 per-

269 1370 398 1441 petuum
421 1380 493 1421 cum
519 1360 706 1441 Imperatore
728 1360 867 1437 firmata,
887 1382 974 1421 sacra
994 1360 1185 1437 Christiana,
1206 1370 1301 1443 utque
1324 1358 1370 1421 Iu·

435 1464 453 1503 a
474 1446 685 1524 expiarentur,
705 1443 908 1525 postularunt.
949 1442 1061 1526 Gyias,
1078 1442 1255 1520 Hierothei,
1274 1463 1370 1525 quem

267 1464 442 1607 patriardiiit
463 1547 618 1587 sacrorum
635 1546 690 1609 per
704 1528 851 1589 'sarciam
865 1527 1033 1587 antistitem
1051 1526 1179 1603 dixerat,
1199 1528 1370 1608 praeceptis

268 1612 447 1688 institutus,
477 1612 509 1670 in
527 1610 587 1670 iide
607 1612 798 1691 permansit,
831 1612 944 1691 pietate
964 1620 995 1671 et
1015 1612 1124 1671 ceteris
1144 1612 1295 1670 virtutum
1314 1629 1370 1670 or-

267 1695 417 1753 namentis
428 1695 575 1775 insignies
598 1692 676 1755 aiter
694 1714 765 1752 mox
775 1692 816 1752 ad
834 1696 949 1753 avitam
964 1695 1210 1775 superstitionem
1220 1692 1371 1774 relapsus,

267 1797 339 1837 cum
359 1776 581 1859 expetHIionem
602 1778 634 1835 in
648 1777 782 1837 Graecos
802 1786 833 1835 et
847 1777 1017 1837 Germanos
1036 1778 1234 1857 suscepisset,
1255 1775 1295 1835 ab
1307 1776 1371 1837 Ot-

267 1860 431 1942 tonelmp.
450 1869 569 1942 captus,
590 1878 721 1940 poenam
739 1860 839 1939 capite
859 1857 1006 1940 persolvit
1013 1858 1051 1940 ³).
1095 1860 1238 1919 Cetemm
1259 1858 1371 1921 eadem

267 1942 374 2025 religio
406 1943 520 2003 Russos
551 1945 715 2001 incesserat
727 1966 735 2013 3
758 1942 870 2024 quibus
898 1942 973 2003 olim
1005 1964 1024 2002 a
1044 1941 1156 2003 Basilio
1176 1942 1368 2020 Macedone,

158 2040 326 2096 umaro
347 2025 560 2101 Constantini,
580 2026 641 2085 icto
657 2024 803 2101 foedere,
824 2024 925 2085 aditus
945 2025 985 2085 ad
1004 2046 1106 2089 sacros
1126 2026 1246 2103 sontes,
1274 2043 1368 2106 prae·

267 2108 314 2169 sui
336 2107 376 2167 ab
397 2108 515 2189 ignatio
551 2107 722 2185 atriarcha‚
743 2108 833 2168 datus
845 2108 945 2169 iuerat
958 2109 997 2168 ⁴.
1039 2107 1139 2189 Eiga,
1165 2129 1259 2189 quam
1273 2108 1368 2169 Grae·

266 2196 296 2252 ci
317 2190 456 2251 nonnulii
479 2128 628 2250 iieiinam
647 2200 779 2267 vocant,
802 2190 948 2271 ingeris,
968 2110 1065 2251 iroetis
1084 2190 1241 2270 quondam
1261 2191 1368 2271 Impe-

266 2277 397 2350 ratoris,
419 2281 487 2355 post
508 2274 596 2332 amici
618 2282 649 2333 et
669 2276 764 2349 socii,
785 2273 899 2348 vidua,
921 2274 1032 2354 stipata
1049 2273 1239 2354 principibus
1252 2275 1365 2355 gentis,

265 2358 471 2442 Byzantium,
492 2364 527 2416 ut
548 2358 580 2415 in
601 2358 788 2416 consortium
809 2374 967 2416 sacrorum
986 2354 1196 2437 reciperetur,
1224 2356 1363 2419 accessit.

265 2440 431 2523 Splendida
460 2461 478 2500 a
506 2439 704 2500 Constantino
725 2449 867 2520 excepta,
897 2449 928 2499 et
951 2438 1130 2499 muneribus
1149 2450 1239 2500 aucta
1260 2440 1363 2520 estin

266 2525 351 2586 addit
372 2521 563 2584 Theodosius
582 2521 769 2600 Kioviensis,
791 2522 1011 2602 imperatorem
1030 2521 1181 2584 foeminae
1200 2523 1299 2584 nrma
1319 2542 1366 2588 ex·

264 2608 388 2670 cellenti
412 2606 608 2667 matrimonio
637 2607 721 2688 iungi
749 2603 905 2684 voluisse,
934 2605 989 2665 sed
1018 2603 1125 2666 tulisse
1153 2627 1363 2688 responsumt

266 2713 330 2752 non
358 2711 446 2773 posse
473 2711 505 2751 se
524 2709 649 2750 uxorem
670 2691 735 2751 eius
755 2709 841 2765 esse,
869 2689 923 2770 qni
950 2709 984 2748 se
1009 2691 1090 2749 inter
1117 2687 1256 2750 lustralia
1276 2710 1364 2750 sacra

265 2777 299 2836 in
320 2775 413 2834 iiliam
435 2771 607 2858 adoptasset
625 2770 663 2852 θ).
708 2771 738 2832 Is
758 2791 865 2832 rumor
885 2791 991 2832 eorum
1009 2781 1184 2854 temporum
1205 2773 1284 2849 iiiit,
1311 2774 1363 2834 cui

265 2858 357 2919 fidem
378 2857 506 2934 adimit,
527 2856 610 2938 qnod
630 2857 663 2917 in
684 2855 764 2916 vivis
784 2864 862 2916 esset
883 2851 1001 2914 iieiena
1015 2853 1176 2938 Augusta,
1198 2865 1229 2919 et
1247 2853 1362 2916 abhor-

266 2950 369 3002 rerent
389 2961 407 3002 a
427 2941 595 3024 peregrinis
618 2937 779 3002 connubiis
799 2938 1020 3022 Imperatores,
1041 2949 1077 3000 nt
1096 2939 1163 3022 ipse
1185 2939 1363 3001 Constanti·

283 3105 284 3112 I
317 3119 677 3266 'trituratum
710 3122 746 3244 ti
775 3121 1361 3266 arctissimarum

335 3265 428 3318 ceteri.
500 3266 528 3333 3)
556 3265 649 3316 zonat.
684 3279 712 3332 p.
744 3267 800 3333 ¹94·
836 3261 997 3333 Boioguden
1028 3273 1115 3318 vocat.
1151 3264 1267 3319 Cedren.
1299 3281 1360 3333 pa.

334 3337 407 3398 636..
428 3334 477 3388 ubi
492 3351 542 3406 pro
567 3335 668 3386 Ioanne
691 3333 857 3386 Francorum
878 3349 941 3404 rege
955 3334 1117 3403 legendum:
1146 3337 1254 3390 ottone.
1280 3334 1322 3388 Ad
1342 3351 1361 3388 e

333 3405 474 3458 Inchoieri
510 3406 608 3458 Hister.
637 3404 737 3457 Eccica.
770 3403 890 3472 ilungar.
923 3420 968 3456 an
996 3408 1058 3476 958.
1131 3404 1160 3477 4)
1183 3404 1359 3458 Constantia.

334 3475 533 3547 Porphyrogen.
558 3477 588 3528 in
608 3474 666 3528 vita
689 3473 908 3553 Basiliiffiiaced.
926 3492 986 3530 att.
1022 3477 1116 3529 Zonar.
1137 3493 1195 3546 pag.
1214 3479 1271 3546 ¹7³·
1292 3475 1362 3528 Fra-

335 3556 491 3671 gppeptamu
501 3547 536 3668 dte
558 3546 714 3670 Ritnffim·
734 3547 926 3668 copversione,
955 3562 971 3597 a
994 3545 1191 3669 {lapidationis
1214 3543 1358 3670 Afiimhedv.

334 3635 349 3670 ι
414 3635 463 3670 ons
493 3635 563 3672 nrn.
606 3632 621 3668 e
678 3633 830 3671 mmm.
874 3632 994 3670 .ria.e
1038 3634 1093 3669 um.
1165 3632 1218 3678 iam
1263 3631 1361 3669 ιοεο-

333 3687 361 3742 le
389 3691 558 3758 imperante,
578 3688 660 3740 saeris
681 3633 902 3741 Christiaiioriim
921 3687 1027 3740 initiati
1048 3695 1112 3740 sunt
1127 3688 1263 3739 nonnulii.
1282 3687 1360 3742 Con·

335 3760 386 3811 tin.
414 3758 555 3812 Constant.
578 3756 639 3810 Lib.
655 3757 700 3810 lv.
745 3797 751 3810 .
775 3777 831 3813 tao.
855 3776 911 3830 quo
936 3757 1048 3810 Photios
1067 3757 1178 3825 respicit
1192 3758 1221 3810 in
1239 3756 1360 3828 epistola

336 3830 475 3900 encyclica
497 3845 523 3900 p.
551 3830 588 3880 rta
662 3828 690 3899 5)
711 3777 796 3900 (inuti
818 3831 878 3900 ipse
903 3831 1051 3882 memoriae
1074 3827 1201 3898 prodidit
1221 3829 1250 3880 L.
1272 3829 1305 3880 li.
1322 3825 1360 3879 de

335 3900 471 3953 Cerimon.
508 3899 595 3951 Anias
627 3897 736 3967 Byzant.
776 3900 824 3953 foi.
855 3917 914 3953 ant.
949 3915 973 3949 a.
1008 3915 1049 3970 sq.
1137 3900 1167 3970 6)
1204 3899 1254 3952 An.
1293 3899 1357 3966 955.

354 4007 360 4020 .
384 3973 427 4041 96.
464 3965 564 4022 Obiter
589 3969 727 4023 notandus
752 3979 795 4024 cst
823 3969 944 4026 Orbium
961 3969 1129 4038 Ragusacus,
1147 3970 1195 4040 qui
1218 3971 1248 4020 in
1264 3969 1358 4036 Regno

332 3987 436 4094 iiavor.
465 4057 492 4109 p.
518 4056 619 4126 921«,
644 4041 754 4110 Ilipam,
777 4057 860 4112 quam
885 4050 914 4095 et
933 4042 1045 4109 Oigam,
1067 4039 1190 4108 Rhegino
1212 4040 1358 4101 Helenam,

331 4120 429 4168 vocat.
450 4111 554 4162 loanne
580 4109 695 4166 irminae
724 4120 856 4184 regnante
880 4111 1005 4181 Byzantii
1033 4109 1071 4165 ad
1096 4127 1174 4165 saera
1199 4109 1358 4164 Christiana

328 4181 473 4244 mecetius
483 4180 586 4236 scribit
