3042 4825
262 132 344 239 ¹58
471 154 741 224 normanum
772 154 1139 221 ronrnrnooarrrrr

257 316 408 391 ἐκνεύσας
427 310 597 399 άριατερόν
617 308 673 378 ἐπὶ
689 307 724 375 τό
746 306 884 395 μητάτον
904 310 1045 375 sindesi
1060 306 1228 396 τριροόνου,
1250 312 1349 395 λέγων

221 414 274 482 Bri
302 418 356 499 τῆς
383 406 604 486 καταπόσεως
628 408 708 474 κατά
744 410 868 494 βάθρον
898 407 1061 492 ,,καπλάτι
1087 407 1252 495 Δόμηνι·”
1291 408 1351 473 και*

256 515 442 598 κατέρχεται
461 508 501 576 τά
522 506 677 596 χραδηλια
697 512 753 576 τοῦ
775 509 904 594 diripe,
926 511 996 573 καί
1015 510 1144 593 δέχεται
1169 511 1271 574 ἐκεῖσε
1290 508 1349 595 την

255 611 351 697 λιτήν.
392 608 480 695 ἅψας
500 612 535 675 δὲ
556 607 672 695 κηραδς
701 608 758 673 καί
779 605 960 691 ευἜάμενος,
980 618 1154 696 προσκυνεῖ
1168 608 1224 674 τόν
1242 608 1349 696 τίμιον

254 708 392 795 σταυρόν
412 712 468 775 καί
485 708 520 775 τό
543 702 701 793 ἄχραντον
722 699 921 791 εάαγγέλιον,
952 706 1105 785 άσαάτως
1132 707 1188 773 καί
1204 704 1368 788 donalia-5

253 835 309 875 ται
327 808 382 875 τόν
401 804 617 893 πατριάρχην,
649 806 706 871 καί
725 807 885 891 διέρχεται
905 805 1087 893 ἔμπροσθεν
1105 812 1162 893 τῆς
1181 810 1284 892 λιτῆς.
1326 805 1346 870 ό

255 912 291 977 δὲ
310 912 366 993 τῆς
386 903 606 982 καταστάσεως
631 898 767 991 ἄρχεται
788 903 824 970 τό
850 905 1022 992 τροπάριον
1046 905 1126 991 ,τὴν
1151 908 1214 972 τάν
1230 909 1346 992 uitulo-

254 1013 317 1075 νιόν
344 1002 507 1091 δογμάτων
515 1009 545 1085 ,”
581 1003 615 1069 τό
637 1003 716 1070 oriri
748 1003 937 1087 ψαλλόντων
955 1004 1012 1070 καί
1030 1004 1156 1071 πάντων
1174 1010 1233 1092 τῆς
1247 1028 1346 1092 προε-

255 1103 403 1182 λεάσεως.
445 1104 462 1167 ό
485 1107 521 1169 δὲ
540 1101 710 1185 βασιλεῦς,
738 1101 893 1169 εἰσελθών
911 1105 947 1169 ἐν
965 1106 1010 1193 τῷ
1027 1103 1183 1191 νάρθηκι,
1212 1104 1312 1183 solidi
1328 1140 1346 1155 -

254 1230 320 1287 ται,
339 1205 453 1289 μέχρις
474 1198 513 1267 άν
533 1198 693 1289 καταλάβῃ
715 1200 733 1266 ό
754 1201 952 1288 πατριάρχης
970 1204 1050 1285 μετά
1071 1209 1129 1288 τῆς
1150 1206 1249 1287 λιτῆς.
1290 1206 1391 1276 stairo

254 1307 313 1371 τοῦ
332 1298 531 1388 πατριάρχου
559 1296 809 1385 καταλαβόντος,
847 1303 1011 1366 άνάτταται
1038 1301 1057 1365 ό
1083 1300 1252 1384 βασιλεός,
1290 1301 1348 1366 καὶ

229 1405 399 1469 Claranus
419 1397 596 1488 α’μφότεροι
614 1400 794 1486 ἔμπροσθεν
821 1404 883 1466 τοῖν
903 1404 1077 1483 βασιλικῶν
1096 1404 1222 1481 πυλῶν,
1249 1399 1306 1463 καί
1325 1399 1347 1463 ό

254 1504 314 1586 μὲν
332 1499 483 1585 βασιλεύς
505 1496 593 1581 άψας
613 1497 730 1586 κηροός
751 1494 902 1583 εὔχεται,
940 1498 958 1563 ό
979 1502 1014 1565 δὲ
1042 1497 1243 1587 πατριάρχης
1260 1506 1350 1565 τελεῖ

253 1600 313 1686 την
332 1598 433 1684 εάχὴν
451 1602 508 1684 τῆς
527 1596 673 1683 εἰσόδου,
701 1599 758 1662 καί
778 1597 949 1681 εὐξάμενος
967 1597 984 1663 ά
1004 1598 1157 1681 βασιλεός
1177 1602 1345 1665 ἐπιβάλωσι

252 1698 293 1767 τά
314 1702 408 1786 κηρία
429 1702 473 1787 aqi
494 1699 708 1785 πραιποσίτιρ,
729 1700 871 1774 κόκεῖνος
888 1702 932 1785 τῷ
951 1699 1007 1781 τῆς
1026 1694 1258 1775 καταστάσεως.
1287 1704 1390 1769 satra

253 1802 289 1866 di
318 1795 518 1885 πατριάρχου
548 1794 607 1881 τὴν
633 1794 733 1880 εδχὴν
764 1800 945 1872 τελέσανιος
979 1799 1036 1861 καὶ
1071 1795 1345 1882 προσκυνήσαντος

251 1903 309 1965 τοῦ
328 1899 484 1982 βασιλέως
502 1893 537 1962 τό
561 1888 719 1983 ἄχραντον
739 1897 937 1980 εὐαγγέλιον,
966 1892 1180 1982 κρατὴσάντες
1201 1895 1347 1980 αλλήλων

250 1996 308 2074 τάς
327 2006 458 2083 χεῖρας,
480 1996 659 2081 διέρχονται
677 1997 776 2076 μέσον
794 1999 853 2059 τοῦ
872 1999 961 2077 ναοῦ,
983 1994 1040 2061 καλ
1059 1994 1113 2060 διό
1133 2000 1191 2082 τῆς
1208 1998 1347 2080 πλαγίας

251 2101 310 2165 τοῦ
331 2090 477 2179 άμβωνος
495 2090 713 2175 ἐκνεάσαντες,
750 2096 951 2179 εἰσέρχονται
978 2097 1013 2161 ἒν
1038 2097 1079 2181 τῇ
1097 2099 1220 2184 σωλαίρι
1240 2094 1296 2160 καί
1315 2098 1346 2160 ἳ-

250 2220 380 2265 ιπανται
400 2193 581 2281 ἔμπροσθεν
600 2196 663 2259 τεόν
683 2194 781 2277 ἁγίων
801 2198 930 2282 θυρῶν,
951 2196 1078 2259 κάκεϊσε
1099 2194 1208 2277 λαβιδν
1226 2192 1386 2279 κηροόςτο

250 2292 437 2379 όβασιλεάς
456 2286 597 2375 εὔχεται,
619 2285 687 2357 εἶτα
709 2293 841 2358 δίδωσιν
860 2291 979 2369 αδτοάς
997 2296 1042 2383 τῷ
1061 2296 1267 2382 πραιποσίτιρ.
1287 2293 1345 2359 καὶ

252 2390 408 2480 ἀλλήλους
427 2386 698 2478 προσκυνήσαντες
718 2385 785 2475 δ’,τε
807 2390 960 2473 βασιλεός
998 2396 1055 2459 καί
1082 2393 1101 2458 o‘
1132 2388 1343 2481 πατριάρχης,

218 2497 429 2582 Ιλείσέρχεται
443 2496 489 2568 εἰς
504 2488 538 2557 τό
553 2486 781 2577 θυσιαστήριον
796 2490 877 2578 πρός
898 2490 935 2557 τό
951 2490 1010 2576 τήν
1034 2496 1127 2558 θείαν
1149 2497 1345 2578 λειτουργίαν

252 2596 429 2677 ἐκτελέσαι,
451 2591 508 2657 καί
531 2589 719 2676 όβασιλεός
740 2593 914 2678 οἷπέρχεται
934 2594 980 2667 εἷς
1000 2589 1035 2658 τό
1051 2588 1266 2679 μητατιόριον,
1290 2594 1346 2658 ia«

325 2732 363 2785 ¹7·
382 2713 570 2786 κρατήσαντες
588 2710 618 2765 dl
631 2710 761 2778 αλλήλων
776 2709 818 2763 ed.

253 2834 312 2870 cern
334 2832 390 2868 non
405 2817 504 2880 intrat,
522 2815 571 2867 sed
592 2814 627 2866 ad
644 2815 748 2867 laevam
767 2831 849 2886 supra
872 2823 1005 2868 metatum
1024 2833 1040 2867 a
1059 2817 1168 2887 trigono
1183 2816 1344 2871 divertitur:

253 2887 461 2942 cerimoniarius
481 2901 547 2938 vero
559 2885 595 2938 ad
614 2887 699 2940 scalas
721 2887 904 2950 constitutus,
922 2888 976 2939 ait:
996 2889 1110 2959 capiate
1125 2889 1257 2950 Domini,
1280 2903 1346 2958 per-

254 2973 309 3029 que
323 2956 423 3008 scalam
435 2955 538 3024 athyris
554 2955 695 3009 descendit
710 2964 794 3028 atque
809 2956 850 3010 ibi
863 2958 1066 3027 processionem
1080 2959 1189 3026 excipit.
1217 2959 1346 3011 accensis

254 3035 347 3080 autem
362 3023 462 3090 cereis,
488 3035 614 3096 precatur
637 3034 665 3078 et
683 3026 866 3079 venerandain
883 3045 990 3080 crucem
1007 3036 1035 3079 et
1054 3045 1159 3080 sacrum
1173 3028 1346 3098 evangelium

255 3097 367 3160 adorat,
384 3095 567 3166 patriarcham
581 3097 684 3148 salutat
696 3105 724 3148 et
742 3106 807 3150 ante
824 3098 965 3150 solennem
978 3101 1047 3169 pom’
1064 3116 1107 3150 am
1124 3099 1255 3169 procedit
1293 3099 1347 3152 Ce-

256 3167 432 3233 rinroniarius
445 3167 613 3238 troparium:
637 3167 701 3220 Vari
715 3169 808 3221 cultus
820 3171 986 3242 imaginum,
1007 3117 1130 3233 orrlitur,
1155 3170 1231 3240 quod
1250 3185 1345 3221 omues

255 3236 436 3310 procedentes
455 3245 564 3289 canunt
600 3237 639 3288 lm
661 3238 867 3290 eratoriuterea
881 3239 1038 3291 nartheeem
1056 3242 1207 3308 ingressus,
1224 3238 1349 3291 sedetet

256 3309 405 3379 tantisper,
430 3307 496 3360 dum
523 3254 677 3377 patriosala
701 3323 762 3358 cum
778 3310 958 3429 processione
972 3312 1063 3374 venit,
1082 3317 1229 3380 exspectat„
1269 3312 1347 3361 Post·

257 3397 340 3452 qnam
362 3394 426 3430 vero
445 3377 468 3429 is
488 3394 548 3430 curn
567 3376 740 3447 processione
761 3395 776 3427 a
797 3381 886 3441 venit,
905 3381 1005 3449 surgit,
1023 3388 1051 3432 et
1069 3388 1186 3452 uterque
1203 3379 1241 3431 ad
1257 3383 1345 3449 regias

256 3457 350 3518 portas
374 3449 541 3512 subsistunt,
561 3447 610 3499 ubi
629 3450 781 3516 Imperator
796 3447 908 3519 quidem
924 3467 986 3502 eum
1001 3453 1086 3502 cereis
1108 3450 1270 3503 ardentibus
1282 3465 1348 3518 pre·

181 3519 184 3528 “
256 3527 350 3582 catur,
367 3517 522 3590 patriarcha
545 3527 637 3569 autem
657 3534 750 3586 preces
773 3519 902 3571 introitus
923 3521 1060 3583 institnit,
1078 3523 1245 3590 imperator,
1258 3520 1348 3571 finitis
1386 3565 1396 3583 ,

256 3588 404 3662 precibus,
431 3605 524 3641 cereos
546 3589 713 3658 praeposito,
730 3587 777 3640 lric
797 3591 1007 3643 cerimoniarum
1025 3593 1154 3662 magistro
1169 3591 1263 3643 tradit.
1296 3592 1349 3643 Pa-

257 3659 377 3711 trisrclra
400 3667 546 3731 postquam
563 3659 647 3711 ritum
675 3659 806 3712 introitus
831 3661 994 3726 celebravit,
1023 3671 1052 3713 et
1072 3665 1224 3733 Imperator
1240 3677 1348 3712 sacrum

259 3731 431 3798 evangelium
462 3729 601 3793 adoravit,
631 3727 775 3800 prehensis
815 3730 931 3784 invicem
963 3732 1109 3795 manibus,
1140 3749 1191 3803 per
1223 3730 1347 3784 mediam

257 3801 355 3869 templi
374 3808 526 3864 transeunt,
544 3815 647 3870 perque
664 3797 858 3872 obliquitatem
879 3803 1004 3854 ambonis
1027 3805 1129 3855 soleam
1155 3805 1276 3866 intrant,
1302 3818 1348 3852 sa-

259 3871 370 3942 crisque
389 3873 480 3924 ianuis
499 3870 620 3922 adstant:
648 3869 781 3923 obicum
798 3873 883 3925 cereis
903 3877 1054 3944 imperator
1075 3882 1218 3945 precatur,
1245 3870 1348 3924 deindo

261 3957 308 3993 eos
328 3943 484 4012 praeposito
504 3939 603 3994 reddit.
644 3943 681 3996 Et
699 3949 845 4013 postquam
864 3945 924 4014 ipse
950 3951 979 3996 et
996 3945 1151 4014 patriarcha
1171 3961 1201 3996 se
1229 3943 1348 3994 invicem

262 4011 428 4080 adorarunt,
451 4011 498 4068 hic
529 4010 676 4066 sacrarium
705 4020 815 4066 sanctae
831 4015 961 4085 liturgiae
981 4013 1162 4068 celebrandae
1177 4029 1276 4080 eausa,
1292 4016 1352 4066 Im-.
