3042 4825
251 242 305 305 Lx
478 240 504 301 E
527 234 704 301 alumen
729 236 933 302 BlBLIOTll.
958 237 1141 304 GRAECA.

254 394 335 454 enim
344 390 510 475 Regiorum
519 390 678 451 ustorum
695 388 831 453 indicem
854 410 995 473 unquam
1007 393 1089 475 typis
1103 390 1263 475 vulgatum
1279 402 1357 472 esse,

252 492 303 536 me
319 473 403 536 latet.
447 474 539 535 lllum
559 496 635 537 vero
659 476 761 557 ipsum
782 494 847 535 esse
866 476 1032 555 Codiccm,
1062 478 1115 559 qui
1138 475 1286 538 Budensis
1314 476 1356 538 li-

253 559 375 621 brariae
391 556 585 641 supellectilis
601 558 776 619 uberrimae
793 570 886 642 atquc
904 562 1183 641 praestantissimae
1200 560 1358 643 quondam

123 660 154 714 11·
160 656 248 715 XXIV
259 644 338 720 suit,
362 643 519 725 Ungariac
528 642 647 725 Regum
665 664 772 721 arma,
789 654 935 725 utsupra
955 642 1038 725 dixi,
1058 642 1226 727 gentilitia,
1246 644 1360 727 quibus

253 750 289 789 ex
313 738 446 809 utroque
476 724 572 787 latere
600 724 783 808 splendent,
813 725 1029 809 comprobant.
1074 728 1112 787 ln
1140 726 1252 788 ultima
1272 728 1360 790 urbis

255 810 360 873 Budae
387 809 609 893 expugnatione
637 806 740 870 aliua
775 810 983 872 Bibliothecae
1012 810 1126 872 rudera
1158 822 1359 894 recuperate,

255 898 335 977 quae
355 892 452 955 lulius
472 916 491 955 a
511 892 659 976 Pssugk¹)
679 832 867 976 descripsit,
895 894 950 956 sed
978 915 1064 957 meus
1085 893 1188 956 Codex
1209 917 1273 957 non
1293 916 1361 955 me-

255 987 416 1057 moratur,
443 998 538 1061 quare
557 976 649 1059 longe
672 988 744 1039 ante
765 979 896 1039 evasisse
918 988 1052 1060 oportet.
1104 979 1225 1057 Quibus
1255 989 1362 1039 autem
1396 1004 1406 1021 ·

256 1062 379 1123 latisin
403 1082 487 1122 meas
506 1060 632 1121 tandem
653 1082 761 1122 manus
783 1056 963 1138 devenerit,
985 1060 1127 1143 equidem
1147 1064 1264 1145 ignoro.
1290 1064 1362 1122 Exi·
1392 1079 1398 1093 ·

257 1166 318 1229 guo
339 1165 408 1206 aere
430 1167 448 1206 a
468 1144 693 1206 me'redemtus
713 1146 792 1224 fuit,
821 1147 854 1205 in
883 1165 996 1227 magno
1028 1156 1130 1205 autem
1159 1149 1258 1228 pretio
1284 1145 1363 1206 mihi

257 1226 412 1309 habetur,
442 1228 552 1311 dignus
572 1229 664 1289 etiam
687 1231 741 1311 qui
754 1227 864 1309 *lucem
885 1227 1041 1309 publicam
1054 1228 1166 1289 videat.
1208 1228 1302 1314 Quod
1321 1250 1363 1289 an

257 1332 326 1372 mea
347 1333 484 1395 unquam
506 1332 599 1393 opera
619 1312 670 1373 fiet
689 1313 814 1391 nesci03
836 1313 974 1393 exiguam
996 1313 1077 1371 enim
1100 1314 1133 1371 in
1157 1312 1282 1373 Graecis
1304 1334 1364 1372 no·

257 1392 358 1456 titiam
390 1417 490 1457 meam
517 1392 830 1483 ingenue'agnosco,
858 1416 979 1477 neque,
1010 1396 1064 1478 qui
1093 1392 1187 1456 hodie
1207 1406 1364 1479 grassatur

259 1479 412 1539 scribendi
432 1482 587 1563 pruritus,
608 1500 658 1541 me
677 1489 773 1556 tenet,
795 1491 831 1541 ut
851 1478 1007 1561 scriptoris
1031 1475 1081 1539 vel
1104 1478 1230 1539 editoris
1250 1500 1364 1541 nomen

258 1561 344 1622 nullo
365 1562 499 1645 reipubl.
511 1559 680 1625 litterariae
691 1562 855 1624 commodo
874 1574 991 1623 temere
1005 1560 1082 1621 mihi
1096 1582 1241 1644 arrogare
1255 1560 1362 1623 velim.

156 1668 161 1685 ·
258 1644 387 1707 Interim
413 1658 517 1729 gratus
544 1646 620 1707 mihi
649 1645 737 1708 labor
763 1657 831 1723 est,
861 1666 955 1729 quem
983 1666 1055 1705 cum
1081 1646 1146 1705 Dn.
1176 1645 1364 1707 Schneidero

260 1728 343 1790 dicto
366 1730 526 1809 Schmidt,
557 1733 625 1792 viro
655 1731 865 1806 Graecarum,
899 1732 963 1789 imo
993 1730 1156 1806 omnium,
1190 1728 1365 1789 litterarum

259 1814 456 1897 peritissimo,
473 1812 579 1873 Codici
600 1813 758 1895 impendo.
796 1812 897 1873 Huius
912 1812 1063 1873 industria
1078 1815 1160 1895 (nam
1174 1832 1255 1890 mea,
1270 1833 1365 1895 quam

260 1896 411 1977 confero,
435 1896 575 1979 symbola
602 1902 709 1981 exigua
730 1894 781 1958 vel
801 1895 887 1957 nulla
900 1895 932 1975 ,l
966 1898 1079 1978 prioris
1106 1906 1199 1977 atque
1220 1895 1366 1957 dimidiae

261 1982 353 2041 ctiam
383 1983 480 2061 partis
507 1981 632 2041 secundi
659 1980 822 2041 Tractatus
848 1980 950 2041 versio
979 1980 1042 2039 iam
1062 1976 1224 2039 delineata.
1267 1978 1366 2039 Rudis

261 2084 298 2124 ea
318 2062 455 2145 quidem,
476 2062 530 2124 sed
550 2063 691 2125 secundis
712 2064 808 2140 curis,
829 2064 905 2123 etsi
925 2060 1027 2143 plura,
1048 2082 1142 2143 quam
1162 2082 1256 2145 supra
1276 2082 1295 2121 a
1314 2082 1366 2122 me

262 2148 420 2209 nominata
440 2146 616 2226 Glossaria,
638 2150 720 2207 nacti
741 2148 879 2223 erimus,
901 2144 1070 2227 expolietur
1082 2145 1119 2224 Ἰ).

345 2228 416 2290 Non
446 2228 575 2291 dubium
596 2241 642 2291 est
663 2232 738 2311 quin
758 2231 880 2311 egregio
899 2228 1025 2309 prorsus
1043 2247 1171 2287 munere
1192 2246 1259 2286 rem
1280 2224 1365 2289 litte-

262 2313 376 2373 rariam
396 2312 530 2395 beaturi,
554 2322 585 2373 et
604 2312 750 2373 historiae
761 2312 947 2394 Byzantinac
966 2331 1081 2371 novam
1101 2320 1193 2392 atquc
1213 2311 1365 2392 insignem

262 2396 363 2458 lucem
383 2392 505 2458 allaturi
526 2398 587 2457 sint
606 2397 666 2459 viri
688 2394 966 2478 praestantissimi,
989 2397 1016 2455 si
1035 2392 1171 2476 locuples
1191 2392 1251 2454 hoc
1272 2406 1366 2477 atque

262 2481 466 2563 imperatoriis
487 2481 629 2563 auspiciis
652 2479 866 2540 elucubratum
902 2498 979 2561 opus
999 2475 1102 2539 stirdio
1123 2499 1158 2538 ac
1179 2475 1286 2538 labore
1308 2499 1365 2540 suo

263 2566 445 2628 recensitum
464 2575 558 2649 atque
578 2562 761 2649 explicatum
783 2565 1012 2647 quamprimum
1030 2561 1267 2645 publicaverint

302 2767 328 2839 r)
355 2767 387 2818 In
409 2768 536 2838 Epistola
557 2767 591 2820 ad
621 2764 865 2827 Seelendorflum,
883 2781 955 2836 qnae
976 2772 1052 2819 extat
1073 2763 1106 2817 Τ.
1127 2762 1165 2827 ΙΙ,
1183 2760 1380 2816 Collectionis.

317 2835 1050 2982 -uirassiuretrursus0·
1179 2833 1208 2906 ²>
