3042 4825
291 173 376 260 770
497 167 772 256 oeusnmnur
800 167 1169 234 pomoranorum

290 321 370 408 μετά
400 325 610 390 edacissima
640 320 882 406 άλλαξιμάτων,
917 319 1001 408 πλὴν
1023 325 1079 388 καί
1101 324 1276 406 χλανίδος·
1324 323 1409 400 τούς

261 429 329 492 cdd
350 422 660 511 πρωτασπαθαρίους
681 419 765 505 μετά
786 421 922 488 σπεκιλων
942 424 999 488 καὶ
1015 423 1126 508 ῥακέων
1147 425 1280 508 σαγάιιν·
1326 421 1407 498 rode

290 527 327 592 dd
353 521 538 607 βασιλικοίις
565 522 645 606 μετά
678 527 743 588 τῶν
769 523 1018 608 σκαραμαγγιλιν
1045 521 1099 587 καί
1124 523 1231 606 μόνον.
1275 525 1337 588 έπί
1367 526 1408 588 δὲ

288 633 360 702 ταῖς
380 623 464 690 κάτω
483 629 639 709 τέσσαρσι
658 626 722 688 τῶν
750 625 906 710 καμαρῶν
933 625 1109 708 τραπέζαις
1138 626 1192 687 δεῖ
1207 622 1299 706 ἡμᾶς
1323 648 1406 705 σινγ-

289 731 399 790 ιιαλεῖν
418 720 608 809 βασιλικοάς
635 719 847 798 κανέιδάταυς
876 721 932 788 καί
958 719 1165 808 μανδάτορας
1186 721 1422 812 ιιαίρμικραέςς

292 817 452 911 ἄρχοντας
471 827 530 890 τοῦ
550 823 706 908 τάγματος
727 827 793 888 τῶν
814 825 961 906 σχολῶν,
987 821 1043 888 τὸν
1064 820 1208 909 άριθμάν
1228 818 1286 905 esi·
1337 824 1405 886 εἰσ·

286 921 376 1008 άγειν
398 926 435 990 δὲ
457 920 577 998 edredo
605 921 689 1005 μετά
717 924 922 989 edacissima
952 922 1199 1008 σκαραμαγγιλσν
1220 921 1279 988 καί
1296 923 1405 986 ἄλλα·

288 1021 442 1106 ξιμάτων.
484 1025 524 1112 τῇ
546 1025 581 1088 δὲ
600 1020 732 1110 τετάρτῃ
756 1022 862 1111 ἦμέρρ
884 1025 939 1106 τῆς
969 1022 1068 1106 αὐτῆς
1095 1023 1235 1106 εὐωχίας
1256 1029 1405 1087 τελεῖται

288 1123 407 1207 ὁμοίως
427 1127 612 1210 προέλεσσις
641 1119 767 1208 παγανὴ
787 1120 869 1203 μετά
892 1122 1115 1205 άλλαξιμάτων
1144 1121 1232 1188 ἔνδον
1251 1126 1315 1188 τοῦ
1337 1151 1406 1188 πα-

292 1229 424 1308 λατίοα,
458 1225 516 1290 καί
543 1220 719 1307 εἰσάγονται
748 1221 788 1287 τά
812 1225 1001 1308 φωτίσματα
1030 1223 1094 1287 ὑπὸ
1117 1227 1176 1288 τοῦ
1196 1222 1440 1311 άρφανοτρό-ια

291 1351 375 1415 φοι,
409 1323 465 1389 καί
491 1330 628 1390 τελεῖται
654 1321 689 1389 τὸ
718 1321 890 1408 κλητώριον
912 1323 946 1386 ἐν
966 1325 1012 1409 τῷ
1031 1321 1119 1410 αὐτῷ
1145 1327 1403 1414 χρυσοτρικλίερι

289 1428 344 1494 εἰεί
364 1428 420 1509 τῆς
441 1426 568 1510 χρυσῆς
585 1425 752 1510 τραπέζης.
782 1420 839 1486 καί
859 1423 913 1485 δεῖ
928 1417 1014 1505 ἡμᾶς
1035 1416 1232 1507 εὐτρεπίζειν
1250 1423 1299 1498 εἷς
1318 1449 1405 1487 συν-

260 1527 438 1592 Ιλεστίασιν
466 1526 530 1589 τάν
560 1526 718 1605 βασιλέων
738 1525 872 1614 prieur,
907 1515 971 1585 άπά
999 1523 1054 1607 τῆς
1080 1522 1198 1600 τάξεως
1217 1525 1280 1588 τῶν
1300 1524 1405 1606 μαγί-

290 1649 414 1711 στρων,
442 1622 616 1708 πατρικίων
643 1619 705 1688 σάν
735 1622 794 1686 τοῦ
818 1621 1003 1703 δαμεστάιου
1024 1621 1088 1686 τῶν
1108 1624 1320 1705 έξσκονβιτων
1342 1626 1404 1687 καί

139 1725 355 1813 mamonis
377 1723 476 1788 αιἰτσῦ
495 1719 681 1808 σκριβάνων
701 1719 782 1787 κατά
804 1719 861 1788 τὸν
881 1724 1101 1807 προλεχθέντα
1121 1720 1238 1804 τύπον,
1258 1721 1317 1786 καί
1329 1725 1442 1794 cio-15

289 1824 380 1908 άγειν
402 1818 521 1897 αάτοάς
543 1822 610 1884 καί
629 1819 753 1902 ἐξάγειν
765 1869 775 1902 ,
805 1817 893 1885 καθά
914 1817 1051 1907 εἴρηται.
1093 1819 1149 1887 έπί
1168 1824 1205 1887 δέ
1224 1829 1296 1896 ταῖς
1314 1818 1399 1886 κατά

288 1927 352 1992 τάν
372 1923 529 2008 καμαρῶν
558 1921 732 2006 τραπέζαις
753 1921 809 1983 δεῖ
824 1919 910 2004 ἡμᾶς
929 1925 1098 2003 συγκαλεῖν
1120 1923 1155 1982 ἐκ
1175 1923 1240 1986 ταῖν
1260 1924 1401 2003 λεχθέν-

289 2049 355 2090 των
383 2025 558 2107 βασιλικῶν
593 2017 777 2103 άνθριάιτων
820 2019 877 2084 καί
905 2023 971 2086 τῶν
1000 2019 1123 2105 μικρῶν
1150 2017 1320 2103 ἀρχόντων
1338 2023 1401 2084 rosi

291 2125 494 2206 έξσκουβίτσυ
525 2118 580 2184 τὸν
603 2117 746 2205 άριθμόν
767 2114 824 2201 οβ’,
857 2118 914 2183 καί
933 2115 1072 2202 εἰσάγειν
1099 2111 1215 2194 edredo
1235 2116 1315 2182 κατά
1338 2117 1400 2185 τάν

290 2221 509 2308 αρσλεχθέντα
538 2213 647 2284 τύπον.
688 2221 729 2304 τῇ
751 2218 788 2281 δι’
808 2218 933 2307 πέμπτῃ
955 2215 1058 2306 ἡμέρᾳ
1080 2222 1138 2302 τῆς
1159 2213 1256 2303 αὐτῆς
1274 2221 1440 2286 naitano

290 2324 364 2396 σίας
385 2321 564 2404 εἰσέρχεται
587 2313 603 2380 ὅ
624 2313 825 2400 πατριάρχης
847 2313 927 2397 μετά
947 2319 1010 2380 τῶν
1030 2318 1134 2381 ositeri
1153 2320 1399 2402 μητροπολιτῶν

143 2416 561 2508 Εάλ.446άοῦναι’άγάπην
581 2419 627 2505 τῷ
646 2419 778 2501 βασιλεῖ
782 2466 794 2503 ,
827 2414 885 2482 καί
900 2422 1035 2483 τελεῖται
1057 2419 1244 2505 προέλευσις
1265 2416 1396 2503 esayam}

279 2634 382 2695 'eimru
411 2650 440 2694 ct
467 2643 624 2707 educimus,
661 2642 815 2693 senatorios
841 2641 956 2711 quidem
986 2641 1061 2695 viros
1087 2646 1227 2713 campagis
1254 2648 1397 2711 gestantes

295 2730 389 2767 omnes
408 2716 438 2765 in
455 2716 511 2765 suis
530 2712 701 2775 mutatoriis,
720 2712 769 2763 abs
792 2729 826 2764 ue
839 2714 955 2778 tunicis3
972 2715 1210 2783 protospatharios
1226 2712 1397 2767 autemeam

295 2785 396 2855 speciis
415 2790 444 2836 et
458 2784 541 2837 russis
558 2786 643 2854 sagis;
662 2728 819 2854 imperiaies
837 2782 963 2836 homiues
982 2802 1044 2836 cum
1062 2785 1255 2854 scaramangiis
1274 2793 1396 2839 tantum.

295 2857 339 2910 Ad
356 2856 503 2907 inferiores
522 2863 613 2907 autem
638 2862 756 2924 quatuor
779 2854 916 2905 fornicum
934 2872 1042 2907 mensas
1062 2854 1200 2907 invitandi
1218 2863 1284 2907 sunt
1302 2854 1399 2925 impe-

296 2928 378 2979 riales
398 2925 554 2989 candidati,
581 2923 753 2978 mandatores
783 2932 811 2976 et
828 2926 948 2977 minores
967 2927 1141 2994 magIstratus
1159 2927 1266 2979 ordinis
1284 2926 1398 2980 schels-

296 3012 372 3059 rum,
396 2997 425 3048 in
445 2995 601 3047 universum
627 2998 801 3065 septuaginta
821 2993 885 3047 duo.
922 2995 1139 3049 introducuntur
1157 2996 1234 3049 ethi
1254 3015 1316 3049 cum
1337 3000 1397 3050 suis

296 3067 490 3134 scaramangiis
515 3075 543 3118 et
569 3068 735 3118 mutatoriis.
773 3066 879 3136 Quarto
909 3064 956 3119 die
983 3066 1108 3119 eiusdem
1133 3068 1297 3121 universalis
1324 3070 1398 3136 regii

296 3137 416 3191 convivii
435 3138 574 3205 peragitur
593 3138 731 3207 processio
756 3153 850 3188 rursus
867 3153 973 3206 pagana
998 3138 1029 3187 in
1048 3140 1203 3191 mutatoriis
1222 3138 1295 3190 intra
1315 3139 1396 3207 pala·

296 3210 384 3269 tium,
412 3214 441 3257 et
458 3207 672 3259 introducuntur
698 3204 864 3276 photismate
883 3210 950 3276 [seu
968 3210 1048 3278 pueri
1067 3210 1184 3280 orphani
1204 3210 1233 3259 in
1251 3210 1325 3259 albis
1342 3209 1395 3261 ba-

295 3275 472 3350 ptismalibus
490 3277 627 3342 indusiis‚
654 3294 746 3331 cerem
764 3277 927 3351 tenentes,]
947 3280 983 3330 ab
1001 3278 1245 3350 orphanotropho,
1263 3288 1293 3333 et
1309 3280 1395 3333 insti-

294 3352 383 3402 tuitur
401 3348 556 3401 convivium
577 3350 684 3419 inipso
704 3346 912 3415 chrysotricliuo
931 3367 1015 3420 super
1032 3366 1115 3403 aurea
1134 3350 1245 3417 tabula;
1264 3350 1299 3403 ad
1316 3350 1395 3422 qued

294 3419 433 3471 invitandi
452 3417 533 3471 nobis
552 3427 618 3471 sunt
632 3420 714 3471 amici
732 3422 908 3489 Imperatoris
928 3420 963 3471 ab
987 3421 1084 3474 ordine
1110 3422 1176 3474 inde
1203 3424 1395 3490 magistrorum

294 3500 324 3544 et
344 3491 384 3542 sic
399 3505 482 3559 porro
501 3491 626 3558 patricii,
653 3488 820 3543 domesticus
840 3491 1032 3544 excubitorum
1056 3492 1331 3564 eiusquerscriboncs
1349 3510 1395 3545 se·

295 3560 415 3614 cundum
434 3561 579 3613 formulam
599 3559 812 3631 praescriptam,
832 3578 935 3631 eosque
952 3572 1063 3633 oportet
1080 3564 1163 3617 mode
1180 3564 1235 3617 iam
1255 3561 1329 3615 dicta
1348 3567 1394 3616 in-

294 3632 439 3685 traducere
449 3640 477 3684 et
487 3630 610 3685 educere.
630 3629 672 3682 Ad
690 3648 799 3683 mensas
817 3649 882 3685 vero
901 3632 1048 3685 inferiores
1067 3634 1118 3686 sub
1136 3633 1290 3689 fornicibus
1302 3634 1394 3689 colio·

295 3711 368 3757 catas
395 3718 523 3757 vocamus
547 3702 673 3755 homines
698 3705 872 3773 septuaginta
892 3701 946 3757 duo
966 3702 1002 3756 de
1020 3704 1116 3759 ordine
1134 3704 1284 3758 eorundem
1304 3707 1395 3774 impe-

295 3777 407 3829 rialium
434 3774 577 3826 hominurn
613 3781 643 3824 ct
669 3771 806 3825 minorum
830 3790 874 3831 ma
893 3775 1039 3827 istratuum
1067 3774 1265 3829 excubitorum.
1302 3776 1394 3828 Etiam

294 3844 325 3897 bi
351 3845 425 3898 dicto
455 3844 536 3897 modo
560 3840 776 3896 introducuntur
802 3853 831 3897 ct
857 3791 1021 3900 educuntur.
1061 3846 1168 3915 Quinto
1193 3847 1240 3901 die
1266 3844 1393 3899 eiusdem

297 3915 461 3969 universalis
489 3916 557 3983 regii
582 3913 700 3965 convivii
724 3914 837 3967 advenit
859 3916 1013 3988 patriarcha
1042 3935 1105 3970 eum
1127 3920 1184 3971 suis
1207 3918 1393 3990 metropolitis

297 3986 333 4038 ad
352 3985 472 4038 dandum
492 3984 655 4055 imperatori
674 4001 779 4055 agapen
804 4002 852 4039 seu
873 3986 996 4039 osculum
1019 3990 1111 4058 pacis,
1129 3992 1327 4061 peragiturque
1341 4004 1393 4057 pa·

203 4128 205 4139 ¹
295 4072 364 4128 gaus
382 4058 521 4129 processio
542 4056 571 4108 in
594 4056 750 4111 mutatoriis
778 4057 851 4111 intra
874 4058 1028 4131 palatium
1055 4059 1215 4133 arridetque
1235 4058 1392 4132 patriarcha
