3042 4825
527 194 845 262 rastrarloltrs.
1141 192 1225 255 xvu

31 362 33 371 ’
119 354 387 443 quinquagesimi,
406 354 494 417 errius
512 351 669 432 inscriptio
698 356 744 409 est
773 344 814 433 de
833 344 945 408 indolis
962 346 1117 429 probitate
1135 322 1227 435 atque

31 438 34 605 ι
128 462 307 543 pravitate,
345 476 399 516 seu
428 452 469 513 de
493 449 659 513 virbitibns
684 458 714 509 et
743 450 851 525 vitiis,
880 447 1052 529 particula,
1081 448 1227 541 beneficio

129 560 288 621 eumn
309 567 341 617 et
363 554 495 616 Hernici
515 552 652 615 Vsnrsn.
696 546 819 629 Reliqui
837 557 883 610 tot
897 566 1025 609 numero
1041 548 1123 611 tituli
1139 572 1227 633 gran
1342 615 1346 620 ,

131 658 203 739 dis,
235 657 293 720 sed
318 667 350 717 et
378 652 554 731 utilissimi,
575 654 676 733 operis
705 648 872 709 credrmtur
894 651 1011 707 iactura
1037 650 1229 730 irreparabili

129 762 274 844 periisse.
318 753 404 836 Quid
427 756 544 815 sivero
564 749 747 812 contendam
766 769 817 809 me
840 768 911 808 cum
933 748 1014 826 hoc,
1038 748 1122 830 quod
1148 770 1230 813 nunc

130 860 208 938 edo,
229 856 392 919 ‘solmnine
417 856 551 937 primum
575 851 690 917 laudati
711 852 813 932 operis
838 848 986 926 titulum,
1013 851 1037 908 si
1065 870 1128 910 noa
1151 853 1230 912 inte·

129 980 249 1043 grana,
276 968 310 1019 at
340 953 441 1017 saltim
471 972 612 1037 magnam
642 951 707 1012 eius
735 961 856 1033 partem
884 952 918 1010 in
941 970 1050 1011 manus
1071 949 1232 1011 doctomm

128 1059 296 1121 hominum
326 1055 478 1117 tradere?
505 1054 578 1137 Egit
597 1051 650 1113 ille
674 1050 749 1112 olim
777 1044 853 1133 περὶ
873 1046 1032 1128 βασιλέων
1059 1042 1234 1132 dooyopsei·

129 1178 243 1238 oense,
271 1154 312 1217 de
332 1156 572 1238 Imperatorum
592 1168 761 1235 regumque
784 1150 1041 1227 renuntiatione,
1068 1160 1104 1211 nt
1124 1170 1143 1211 e
1166 1150 1233 1213 Fa·
1344 1158 1349 1162 ”

30 1294 31 1299 1
132 1276 224 1319 taren
248 1256 331 1320 Br'bl.
359 1253 476 1317 Graec.
499 1253 588 1315 Tom.
610 1250 668 1313 VI.
700 1271 779 1333 pag.
801 1248 862 1333 49²
885 1259 1015 1317 constat,
1057 1249 1154 1332 Atqui
1175 1272 1233 1314 vo-
1406 1245 1411 1253 ’

30 1408 32 1417 ,
129 1354 262 1419 luminis
282 1354 374 1417 buius
388 1356 488 1436 capita
508 1354 582 1414 XCI
605 1364 637 1414 et
660 1353 839 1434 sequentia,
861 1372 880 1410 a
901 1369 970 1432 pag.
989 1348 1050 1411 238
1074 1371 1172 1435 usque
1194 1351 1235 1413 ad

133 1476 204 1539 pag.
215 1452 278 1515 251
299 1473 362 1515 non
379 1464 499 1515 tantum
513 1456 545 1514 in
557 1451 925 1514 univerarmcerirnonias
939 1450 1081 1511 detincte
1099 1451 1235 1531 tradunt,

135 1556 255 1637 quibus
275 1559 375 1637 prima
405 1552 523 1615 CPleos
548 1564 646 1615 aetate
668 1554 871 1635 Imperatores
896 1548 940 1609 ibi
957 1549 1100 1639 solebant
1117 1557 1286 1613 nuncu-Ed
1295 1554 1365 1613 btv

136 1660 231 1738 pari,
259 1654 314 1717 sed
335 1664 365 1717 et
386 1657 419 1715 in
443 1657 543 1737 specie
564 1655 676 1715 Leonis
699 1654 819 1735 magni,
841 1651 953 1711 Leonis
972 1652 1121 1730 minoris,
1153 1651 1239 1713 Ana-

137 1756 225 1817 stasii
248 1754 378 1831 Dicori,
402 1755 511 1815 lustini
532 1756 660 1815 senioris
680 1764 710 1813 et
727 1752 887 1813 Iustiniani
908 1752 1011 1833 magui
1034 1753 1240 1813 renunciatio-

133 1876 188 1917 nes
212 1866 283 1915 tam
299 1852 468 1915 luculenter
487 1864 705 1937 exsequuntur,
726 1862 762 1913 ut
782 1848 860 1912 nihil
881 1849 1046 1911 desiderari
1067 1862 1171 1933 queat,
1191 1849 1242 1912 lu-

134 1975 267 2037 cemque
287 1954 477 2036 praeclaram
497 1952 543 2013 illi
562 1953 759 2014 historiarum
782 1953 862 2035 parti
883 1949 1061 2024 accendant.
1090 1951 1157 2034 Ego
1171 1954 1242 2035 qui·
1331 2024 1338 2035 ἱ

134 2048 208 2116 dem
241 2074 305 2113 non
329 2054 440 2131 credo,
471 2072 601 2135 usquam
626 2056 823 2135 antiquorum
848 2061 1116 2111 monumentorum
1140 2050 1242 2113 locum

136 2166 285 2233 exstare,
329 2156 381 2235 qui
414 2155 491 2213 ritus
521 2152 809 2233 ,nuncupandorum
842 2150 1054 2233 Augustorum
1080 2194 1090 2228 ,
1124 2162 1242 2212 veteres

135 2272 252 2337 nempe
290 2250 358 2313 illos
392 2273 536 2335 mereque
565 2254 744 2329 Romanos,
774 2271 870 2333 aeque
900 2248 1059 2331 splendide
1087 2264 1241 2335 exponat,

29 2427 30 2434 ἵ
138 2364 234 2437 atque
257 2350 408 2436 particula
430 2355 527 2416 nostri
552 2354 673 2434 operis,
695 2349 734 2411 de
756 2372 818 2434 qua
840 2348 917 2410 mibi
948 2369 1049 2410 sermo
1073 2372 1155 2412 nunc
1184 2346 1240 2414 est.

29 2489 30 2492 ¹
134 2455 368 2538 Antiquitatem
401 2456 465 2515 eine
495 2455 613 2536 spirant
639 2455 743 2513 omnia
767 2496 777 2531 ,
809 2452 961 2511 orationes
993 2449 1033 2509 ad
1062 2451 1242 2516 fortissimos

138 2556 313 2631 nmina,
342 2553 543 2638 Augustatica
570 2554 744 2636 promissa,
772 2550 906 2613 militurn
944 2559 1036 2630 atque
1059 2550 1245 2632 populorum
1350 2553 1359 2564 '

141 2653 388 2716 acclamationes.
433 2655 521 2734 Quae
538 2655 592 2735 qui
613 2673 684 2713 cum
711 2650 911 2733 scriptoribus
930 2648 1076 2711 historiae
1098 2664 1244 2735 augustae

139 2753 237 2838 vulgo
266 2755 309 2814 sic
336 2753 426 2816 dictis
451 2763 628 2836 comparet,
656 2773 719 2812 non
746 2752 859 2833 poterit
886 2752 913 2809 is
941 2748 1057 2834 absque
1086 2752 1244 2836 voluptate

140 2856 309 2938 imaginem
341 2857 453 2916 veteris
486 2855 603 2914 Romae
632 2847 665 2912 in
703 2871 786 2912 nova
813 2848 1025 2931 contemplari.
1084 2853 1245 2936 Quidquid

138 2953 267 3016 modern
292 2953 385 3015 suerit
406 2953 445 3016 de
466 2957 642 3016 coniectura
668 2972 765 3028 mea,
787 2952 851 3010 sive
875 2949 1025 3032 particula
1045 2949 1101 3031 e‘a,
1123 2953 1162 3014 de
1183 2933 1262 3036 quax

140 3054 277 3138 loquum
298 3052 372 3114 olim
391 3054 430 3114 ad
450 3053 577 3116 titulum
597 3055 734 3136 primum
756 3053 887 3133 ingentis
915 3049 997 3111 illius
1020 3063 1053 3113 et
1075 3053 1245 3116 celebratae

141 3153 371 3232 Bibliothecae,
391 3164 427 3215 nt
453 3157 498 3215 ita
521 3153 643 3230 dicam,
666 3152 955 3232 Constantiniauae,
981 3163 1057 3232 ant,
1090 3156 1115 3214 si
1136 3154 1244 3231 malis,

139 3253 453 3335 Penteoontatencbi,
479 3254 685 3336 pertinuerit,
707 3254 774 3314 sive
794 3253 923 3332 minus3
951 3271 1008 3335 ego
1030 3252 1155 3334 quidem
1179 3276 1244 3318 non

141 3353 276 3436 dubito,
296 3373 365 3416 eam
390 3352 566 3436 decerptam
587 3352 679 3414 fuisse
699 3372 735 3413 ex
754 3349 815 3412 alio
836 3350 972 3433 quodam
994 3364 1116 3415 vetusto
1134 3357 1243 3438 insigni

141 3451 251 3533 libro,
285 3455 372 3515 ciuus
400 3455 548 3514 iacturam
573 3451 701 3516 studiosi
722 3453 921 3535 ¹antiquaram
944 3473 1049 3514 rerum
1080 3459 1248 3538 aegerrime

143 3551 275 3632 fer-imtr
296 3551 411 3616 scilieet
439 3573 475 3616 ex
499 3553 585 3616 Petri
611 3553 780 3635 Magistri,
810 3553 870 3611 riri
897 3549 1113 3634 illustrissimi,
1142 3577 1246 3618 sacro·

144 3645 223 3716 rum
242 3649 414 3716 officiorum
445 3653 528 3736 apud
559 3651 762 3730 lastinianum
790 3653 938 3734 Magnum
961 3656 1119 3737 magistri,
1149 3669 1180 3718 et
1206 3657 1247 3720 ad

145 3751 321 3816 Gothorum
345 3754 380 3814 in
407 3751 496 3816 ltalia
516 3773 619 3836 reges,
641 3763 672 3814 et
695 3752 735 3815 ad
760 3751 906 3813 Cosroern
931 3753 1098 3816 Persarum
1124 3779 1247 3842 quoque

143 3849 291 3935 dweps
320 3851 432 3936 legati,
463 3851 572 3934 libris,
605 3875 682 3936 quos
708 3851 819 3914 Suidas
847 3850 952 3914 laudat
979 3856 1055 3939 napi
1084 3859 1247 3938 πολιτικῆς

146 3939 396 4033 καταπόσεως,
426 3952 467 4014 de
491 3953 713 4016 constitutione
734 3951 840 4013 civilis
853 3952 1098 4032 gnbemotionis.
1120 3959 1246 4039 Saqriue

147 4049 213 4110 viri
229 4052 371 4114 meminit
392 4051 583 4132 Pnooormr,
604 4054 744 4114 meminit
756 4072 880 4136 quoque
900 4053 1111 4122 Cassroooaus.
1139 4058 1247 4120 Neone

189 4172 390 4232 Gomntinur
405 4174 539 4245 Porpbyr.
562 4174 620 4228 Vol.
637 4175 660 4226 1.
1072 4179 1115 4221 ee
