<?xml version="1.0" encoding="UTF-8"?>
<!DOCTYPE html PUBLIC "-//W3C//DTD XHTML 1.0 Transitional//EN"
    "http://www.w3.org/TR/xhtml1/DTD/xhtml1-transitional.dtd">
<html xmlns="http://www.w3.org/1999/xhtml" xml:lang="en" lang="en">
 <head>
  <title>
</title>
<meta http-equiv="Content-Type" content="text/html;charset=utf-8" />
  <meta name='ocr-system' content='tesseract 3.04.00' />
  <meta name='ocr-capabilities' content='ocr_page ocr_carea ocr_par ocr_line ocrx_word'/>
</head>
<body>
  <div class='ocr_page' id='page_1' title='image "./corpusscriptoru40niebgoog/corpusscriptoru40niebgoog_0063.png"; bbox 0 0 3042 4825; ppageno 0'>
   <div class='ocr_carea' id='block_1_1' title="bbox 276 692 1085 821">
    <p class='ocr_par' dir='ltr' id='par_1_1' title="bbox 276 692 1085 821">
     <span class='ocr_line' id='line_1_1' title="bbox 276 692 1085 821; baseline -0.02 0"><span class='ocrx_word' id='word_1_1' title='bbox 276 759 344 821; x_wconf 78' lang='lat' dir='ltr'><strong>ex</strong></span> <span class='ocrx_word' id='word_1_2' title='bbox 371 746 730 819; x_wconf 75' lang='lat' dir='ltr'><strong>anvaasrnns</strong></span> <span class='ocrx_word' id='word_1_3' title='bbox 763 692 1085 809; x_wconf 69' lang='lat' dir='ltr'><strong>salomanis.</strong></span> 
     </span>
    </p>
   </div>
   <div class='ocr_carea' id='block_1_2' title="bbox 599 972 830 991">
    <p class='ocr_par' dir='ltr' id='par_1_2' title="bbox 599 972 830 991">
     <span class='ocr_line' id='line_1_2' title="bbox 599 972 830 991; baseline -0.009 -2"><span class='ocrx_word' id='word_1_4' title='bbox 599 972 830 991; x_wconf 42' lang='grc' dir='ltr'><strong><em>μ</em></strong></span> 
     </span>
    </p>
   </div>
   <div class='ocr_carea' id='block_1_3' title="bbox 378 1266 1052 1323">
    <p class='ocr_par' dir='ltr' id='par_1_3' title="bbox 378 1266 1052 1323">
     <span class='ocr_line' id='line_1_3' title="bbox 378 1266 1052 1323; baseline 0.004 -7"><span class='ocrx_word' id='word_1_5' title='bbox 378 1282 412 1319; x_wconf 83' lang='lat' dir='ltr'><strong>os</strong></span> <span class='ocrx_word' id='word_1_6' title='bbox 429 1282 542 1319; x_wconf 70' lang='lat' dir='ltr'><strong>scatens</strong></span> <span class='ocrx_word' id='word_1_7' title='bbox 562 1280 739 1319; x_wconf 69' lang='lat' dir='ltr'><strong>conaremini</strong></span> <span class='ocrx_word' id='word_1_8' title='bbox 761 1280 995 1323; x_wconf 77' lang='lat' dir='ltr'><strong>rosamooemn.</strong></span> <span class='ocrx_word' id='word_1_9' title='bbox 1048 1266 1052 1274; x_wconf 88' lang='lat'>&#39;</span> 
     </span>
    </p>
   </div>
   <div class='ocr_carea' id='block_1_4' title="bbox 87 1398 1258 4036">
    <p class='ocr_par' dir='ltr' id='par_1_4' title="bbox 130 1398 1240 1699">
     <span class='ocr_line' id='line_1_4' title="bbox 130 1398 1240 1532; baseline 0.004 -25"><span class='ocrx_word' id='word_1_10' title='bbox 130 1398 325 1529; x_wconf 73' lang='lat' dir='ltr'>collegisse</span> <span class='ocrx_word' id='word_1_11' title='bbox 339 1447 451 1510; x_wconf 89' lang='lat' dir='ltr'><strong>multos</strong></span> <span class='ocrx_word' id='word_1_12' title='bbox 472 1448 567 1510; x_wconf 80' lang='lat' dir='ltr'><strong>libros</strong></span> <span class='ocrx_word' id='word_1_13' title='bbox 586 1460 618 1511; x_wconf 91' lang='lat' dir='ltr'><strong>et</strong></span> <span class='ocrx_word' id='word_1_14' title='bbox 639 1448 711 1510; x_wconf 91' lang='lat' dir='ltr'><strong>inde</strong></span> <span class='ocrx_word' id='word_1_15' title='bbox 731 1460 871 1532; x_wconf 84' lang='lat' dir='ltr'><strong>excerpta</strong></span> <span class='ocrx_word' id='word_1_16' title='bbox 892 1450 957 1511; x_wconf 82' lang='lat' dir='ltr'><strong>fleri</strong></span> <span class='ocrx_word' id='word_1_17' title='bbox 981 1470 1104 1511; x_wconf 80' lang='lat' dir='ltr'>curasse</span> <span class='ocrx_word' id='word_1_18' title='bbox 1123 1448 1240 1511; x_wconf 82' lang='lat' dir='ltr'><strong>dicitur</strong></span> 
     </span>
     <span class='ocr_line' id='line_1_5' title="bbox 175 1532 1236 1617; baseline 0.005 -26"><span class='ocrx_word' id='word_1_19' title='bbox 175 1532 308 1613; x_wconf 82' lang='lat' dir='ltr'><strong>praelat.</strong></span> <span class='ocrx_word' id='word_1_20' title='bbox 329 1532 369 1591; x_wconf 89' lang='lat' dir='ltr'><strong>ad</strong></span> <span class='ocrx_word' id='word_1_21' title='bbox 387 1534 539 1614; x_wconf 84' lang='lat' dir='ltr'><strong>Excerpta</strong></span> <span class='ocrx_word' id='word_1_22' title='bbox 567 1534 675 1615; x_wconf 84' lang='lat' dir='ltr'>Legat.</span> <span class='ocrx_word' id='word_1_23' title='bbox 703 1532 749 1593; x_wconf 78' lang='lat' dir='ltr'><strong>ecl</strong></span> <span class='ocrx_word' id='word_1_24' title='bbox 773 1532 934 1595; x_wconf 88' lang='lat' dir='ltr'><strong>Hoeschel.</strong></span> <span class='ocrx_word' id='word_1_25' title='bbox 965 1532 1056 1595; x_wconf 82' lang='lat' dir='ltr'><strong>Cous.</strong></span> <span class='ocrx_word' id='word_1_26' title='bbox 1079 1534 1176 1617; x_wconf 85' lang='lat' dir='ltr'><strong>praef.</strong></span> <span class='ocrx_word' id='word_1_27' title='bbox 1194 1532 1236 1595; x_wconf 87' lang='lat' dir='ltr'><strong>ad</strong></span> 
     </span>
     <span class='ocr_line' id='line_1_6' title="bbox 177 1616 996 1699; baseline 0.009 -24"><span class='ocrx_word' id='word_1_28' title='bbox 177 1616 305 1675; x_wconf 89' lang='lat' dir='ltr'><strong>Contin.</strong></span> <span class='ocrx_word' id='word_1_29' title='bbox 327 1616 468 1697; x_wconf 70' lang='lat' dir='ltr'><strong>Theoph‚</strong></span> <span class='ocrx_word' id='word_1_30' title='bbox 491 1638 524 1697; x_wconf 89' lang='lat' dir='ltr'><strong>p.</strong></span> <span class='ocrx_word' id='word_1_31' title='bbox 541 1638 569 1683; x_wconf 80' lang='lat'><strong>2,</strong></span> <span class='ocrx_word' id='word_1_32' title='bbox 591 1618 704 1699; x_wconf 86' lang='lat' dir='ltr'><strong>Script.</strong></span> <span class='ocrx_word' id='word_1_33' title='bbox 747 1628 796 1677; x_wconf 89' lang='lat' dir='ltr'><strong>ost</strong></span> <span class='ocrx_word' id='word_1_34' title='bbox 815 1616 996 1699; x_wconf 81' lang='lat' dir='ltr'><strong>Theophan.</strong></span> 
     </span>
    </p>

    <p class='ocr_par' dir='ltr' id='par_1_5' title="bbox 131 1638 1244 1865">
     <span class='ocr_line' id='line_1_7' title="bbox 131 1638 1238 1783; baseline 0.003 -24"><span class='ocrx_word' id='word_1_35' title='bbox 131 1698 341 1759; x_wconf 87' lang='lat' dir='ltr'><strong>Constantino</strong></span> <span class='ocrx_word' id='word_1_36' title='bbox 369 1698 523 1783; x_wconf 85' lang='lat' dir='ltr'><strong>Porphyr.</strong></span> <span class='ocrx_word' id='word_1_37' title='bbox 549 1700 702 1761; x_wconf 84' lang='lat' dir='ltr'><strong>dedicavit</strong></span> <span class='ocrx_word' id='word_1_38' title='bbox 725 1638 891 1761; x_wconf 74' lang='lat' dir='ltr'><strong>historiam</strong></span> <span class='ocrx_word' id='word_1_39' title='bbox 922 1720 1011 1763; x_wconf 89' lang='lat' dir='ltr'><strong>suam</strong></span> <span class='ocrx_word' id='word_1_40' title='bbox 1029 1701 1179 1763; x_wconf 75' lang='lat' dir='ltr'><strong>Genesim</strong></span> <span class='ocrx_word' id='word_1_41' title='bbox 1196 1700 1238 1762; x_wconf 92' lang='lat' dir='ltr'><strong>de</strong></span> 
     </span>
     <span class='ocr_line' id='line_1_8' title="bbox 176 1781 1244 1865; baseline 0.001 -22"><span class='ocrx_word' id='word_1_42' title='bbox 176 1784 243 1843; x_wconf 84' lang='lat' dir='ltr'><strong>vita</strong></span> <span class='ocrx_word' id='word_1_43' title='bbox 267 1782 370 1843; x_wconf 81' lang='lat' dir='ltr'><strong>Basilii</strong></span> <span class='ocrx_word' id='word_1_44' title='bbox 392 1781 586 1865; x_wconf 88' lang='lat' dir='ltr'><strong>aliorumque</strong></span> <span class='ocrx_word' id='word_1_45' title='bbox 607 1784 844 1864; x_wconf 82' lang='lat' dir='ltr'><strong>Imperatorum.</strong></span> <span class='ocrx_word' id='word_1_46' title='bbox 1235 1796 1244 1807; x_wconf 92' lang='grc'><strong>’</strong></span> 
     </span>
    </p>

    <p class='ocr_par' dir='ltr' id='par_1_6' title="bbox 131 1863 1258 2094">
     <span class='ocr_line' id='line_1_9' title="bbox 131 1863 1258 1950; baseline 0.004 -25"><span class='ocrx_word' id='word_1_47' title='bbox 131 1863 282 1926; x_wconf 86' lang='lat' dir='ltr'><strong>Delectus</strong></span> <span class='ocrx_word' id='word_1_48' title='bbox 303 1864 405 1947; x_wconf 84' lang='lat' dir='ltr'><strong>legum</strong></span> <span class='ocrx_word' id='word_1_49' title='bbox 427 1868 673 1949; x_wconf 82' lang='lat' dir='ltr'><strong>compendiarias</strong></span> <span class='ocrx_word' id='word_1_50' title='bbox 695 1888 730 1926; x_wconf 83' lang='lat' dir='ltr'><strong>ex</strong></span> <span class='ocrx_word' id='word_1_51' title='bbox 752 1869 853 1927; x_wconf 89' lang='lat' dir='ltr'><strong>Instit.</strong></span> <span class='ocrx_word' id='word_1_52' title='bbox 875 1868 1009 1950; x_wconf 81' lang='lat' dir='ltr'><strong>Digestis</strong></span> <span class='ocrx_word' id='word_1_53' title='bbox 1028 1880 1088 1930; x_wconf 88' lang='lat' dir='ltr'><strong>ete.</strong></span> <span class='ocrx_word' id='word_1_54' title='bbox 1110 1885 1258 1949; x_wconf 17' lang='lat' dir='ltr'><strong>compo-U</strong></span> 
     </span>
     <span class='ocr_line' id='line_1_10' title="bbox 176 1949 1238 2094; baseline 0.003 -86"><span class='ocrx_word' id='word_1_55' title='bbox 176 1950 256 2093; x_wconf 54' lang='lat' dir='ltr'><strong>{ipen</strong></span> <span class='ocrx_word' id='word_1_56' title='bbox 276 1949 316 2009; x_wconf 85' lang='lat' dir='ltr'><strong>ab</strong></span> <span class='ocrx_word' id='word_1_57' title='bbox 329 1950 407 2032; x_wconf 91' lang='lat' dir='ltr'><strong>lmp.</strong></span> <span class='ocrx_word' id='word_1_58' title='bbox 424 1952 526 2094; x_wconf 76' lang='lat' dir='ltr'><strong>L8eone</strong></span> <span class='ocrx_word' id='word_1_59' title='bbox 546 1949 730 2034; x_wconf 87' lang='lat' dir='ltr'><strong>philosopho</strong></span> <span class='ocrx_word' id='word_1_60' title='bbox 755 1960 786 2011; x_wconf 84' lang='lat' dir='ltr'><strong>et</strong></span> <span class='ocrx_word' id='word_1_61' title='bbox 800 1951 956 2016; x_wconf 75' lang='lat' dir='ltr'><strong>Constant</strong></span> <span class='ocrx_word' id='word_1_62' title='bbox 970 1952 1128 2036; x_wconf 83' lang='lat' dir='ltr'><strong>Porphyr.</strong></span> <span class='ocrx_word' id='word_1_63' title='bbox 1143 1953 1238 2013; x_wconf 69' lang='lat' dir='ltr'><strong>Iam-</strong></span> 
     </span>
    </p>

    <p class='ocr_par' dir='ltr' id='par_1_7' title="bbox 241 2034 478 2096">
     <span class='ocr_line' id='line_1_11' title="bbox 241 2034 478 2096; baseline 0.004 -4"><span class='ocrx_word' id='word_1_64' title='bbox 241 2074 250 2092; x_wconf 92' lang='lat'><strong>.</strong></span> <span class='ocrx_word' id='word_1_65' title='bbox 272 2034 311 2091; x_wconf 92' lang='lat' dir='ltr'><strong>L.</strong></span> <span class='ocrx_word' id='word_1_66' title='bbox 333 2034 376 2093; x_wconf 90' lang='lat' dir='ltr'><strong>V.</strong></span> <span class='ocrx_word' id='word_1_67' title='bbox 397 2054 423 2096; x_wconf 93' lang='lat' dir='ltr'><strong>c.</strong></span> <span class='ocrx_word' id='word_1_68' title='bbox 469 2077 478 2093; x_wconf 90' lang='lat'><strong>.</strong></span> 
     </span>
    </p>

    <p class='ocr_par' dir='ltr' id='par_1_8' title="bbox 134 2114 1240 2285">
     <span class='ocr_line' id='line_1_12' title="bbox 134 2114 1240 2201; baseline 0.003 -24"><span class='ocrx_word' id='word_1_69' title='bbox 134 2114 175 2177; x_wconf 90' lang='lat' dir='ltr'><strong>ln</strong></span> <span class='ocrx_word' id='word_1_70' title='bbox 197 2114 268 2175; x_wconf 91' lang='lat' dir='ltr'><strong>cod.</strong></span> <span class='ocrx_word' id='word_1_71' title='bbox 285 2116 400 2177; x_wconf 85' lang='lat' dir='ltr'>LXIV.</span> <span class='ocrx_word' id='word_1_72' title='bbox 415 2116 493 2180; x_wconf 91' lang='lat' dir='ltr'><strong>Bibl.</strong></span> <span class='ocrx_word' id='word_1_73' title='bbox 508 2116 645 2179; x_wconf 81' lang='lat' dir='ltr'><strong>Venetae</strong></span> <span class='ocrx_word' id='word_1_74' title='bbox 659 2116 875 2199; x_wconf 89' lang='lat' dir='ltr'><strong>compendium</strong></span> <span class='ocrx_word' id='word_1_75' title='bbox 895 2128 992 2180; x_wconf 80' lang='lat' dir='ltr'><strong>exstat</strong></span> <span class='ocrx_word' id='word_1_76' title='bbox 1010 2116 1114 2201; x_wconf 81' lang='lat' dir='ltr'><strong>legum</strong></span> <span class='ocrx_word' id='word_1_77' title='bbox 1127 2117 1240 2180; x_wconf 78' lang='lat' dir='ltr'><strong>Leonis</strong></span> 
     </span>
     <span class='ocr_line' id='line_1_13' title="bbox 179 2198 805 2285; baseline 0.006 -26"><span class='ocrx_word' id='word_1_78' title='bbox 179 2209 211 2259; x_wconf 88' lang='lat' dir='ltr'><strong>et</strong></span> <span class='ocrx_word' id='word_1_79' title='bbox 233 2198 447 2277; x_wconf 80' lang='lat' dir='ltr'><strong>Constantini,</strong></span> <span class='ocrx_word' id='word_1_80' title='bbox 469 2203 618 2283; x_wconf 89' lang='lat' dir='ltr'><strong>scriptum</strong></span> <span class='ocrx_word' id='word_1_81' title='bbox 638 2222 690 2261; x_wconf 87' lang='lat' dir='ltr'><strong>an.</strong></span> <span class='ocrx_word' id='word_1_82' title='bbox 716 2200 805 2285; x_wconf 82' lang='lat'><strong>1175.</strong></span> 
     </span>
    </p>

    <p class='ocr_par' dir='ltr' id='par_1_9' title="bbox 134 2278 1240 2618">
     <span class='ocr_line' id='line_1_14' title="bbox 134 2278 1237 2367; baseline 0.002 -24"><span class='ocrx_word' id='word_1_83' title='bbox 134 2278 337 2364; x_wconf 77' lang='lat' dir='ltr'><strong>Theophanis</strong></span> <span class='ocrx_word' id='word_1_84' title='bbox 367 2281 515 2365; x_wconf 87' lang='lat' dir='ltr'><strong>Synopsis</strong></span> <span class='ocrx_word' id='word_1_85' title='bbox 539 2282 768 2367; x_wconf 85' lang='lat' dir='ltr'><strong>compendiaria</strong></span> <span class='ocrx_word' id='word_1_86' title='bbox 795 2284 869 2344; x_wconf 84' lang='lat' dir='ltr'><strong>artis</strong></span> <span class='ocrx_word' id='word_1_87' title='bbox 889 2283 1025 2346; x_wconf 87' lang='lat' dir='ltr'><strong>medicae</strong></span> <span class='ocrx_word' id='word_1_88' title='bbox 1045 2303 1137 2347; x_wconf 86' lang='lat' dir='ltr'><strong>suasu</strong></span> <span class='ocrx_word' id='word_1_89' title='bbox 1156 2285 1237 2365; x_wconf 85' lang='lat' dir='ltr'><strong>Imp.</strong></span> 
     </span>
     <span class='ocr_line' id='line_1_15' title="bbox 181 2365 1239 2453; baseline 0.005 -28"><span class='ocrx_word' id='word_1_90' title='bbox 181 2365 375 2431; x_wconf 82' lang='lat' dir='ltr'><strong>Constantini</strong></span> <span class='ocrx_word' id='word_1_91' title='bbox 395 2367 553 2453; x_wconf 83' lang='lat' dir='ltr'><strong>Porphyr.</strong></span> <span class='ocrx_word' id='word_1_92' title='bbox 575 2389 610 2430; x_wconf 80' lang='lat' dir='ltr'><strong>ex</strong></span> <span class='ocrx_word' id='word_1_93' title='bbox 631 2366 768 2428; x_wconf 87' lang='lat' dir='ltr'><strong>Oribasii</strong></span> <span class='ocrx_word' id='word_1_94' title='bbox 788 2368 981 2449; x_wconf 88' lang='lat' dir='ltr'><strong>potissimum</strong></span> <span class='ocrx_word' id='word_1_95' title='bbox 1004 2370 1125 2453; x_wconf 84' lang='lat' dir='ltr'><strong>scriptis</strong></span> <span class='ocrx_word' id='word_1_96' title='bbox 1143 2367 1239 2431; x_wconf 86' lang='lat' dir='ltr'><strong>colle-</strong></span> 
     </span>
     <span class='ocr_line' id='line_1_16' title="bbox 181 2451 1240 2532; baseline 0.002 -22"><span class='ocrx_word' id='word_1_97' title='bbox 181 2462 233 2510; x_wconf 87' lang='lat' dir='ltr'><strong>cta</strong></span> <span class='ocrx_word' id='word_1_98' title='bbox 264 2461 294 2511; x_wconf 86' lang='lat' dir='ltr'><strong>et</strong></span> <span class='ocrx_word' id='word_1_99' title='bbox 319 2451 353 2508; x_wconf 90' lang='lat' dir='ltr'><strong>in</strong></span> <span class='ocrx_word' id='word_1_100' title='bbox 374 2463 489 2532; x_wconf 84' lang='lat' dir='ltr'><strong>septem</strong></span> <span class='ocrx_word' id='word_1_101' title='bbox 512 2453 607 2514; x_wconf 88' lang='lat' dir='ltr'><strong>libros</strong></span> <span class='ocrx_word' id='word_1_102' title='bbox 639 2451 745 2514; x_wconf 88' lang='lat' dir='ltr'><strong>divisa.</strong></span> <span class='ocrx_word' id='word_1_103' title='bbox 768 2451 909 2514; x_wconf 82' lang='lat' dir='ltr'><strong>Lambcc.</strong></span> <span class='ocrx_word' id='word_1_104' title='bbox 931 2451 981 2530; x_wconf 70' lang='lat'><strong>24.</strong></span> <span class='ocrx_word' id='word_1_105' title='bbox 1001 2474 1122 2514; x_wconf 85' lang='lat' dir='ltr'><strong>manus.</strong></span> <span class='ocrx_word' id='word_1_106' title='bbox 1143 2453 1240 2515; x_wconf 87' lang='lat' dir='ltr'><strong>inrid.</strong></span> 
     </span>
     <span class='ocr_line' id='line_1_17' title="bbox 182 2529 1223 2618; baseline 0.007 -24"><span class='ocrx_word' id='word_1_107' title='bbox 182 2533 267 2595; x_wconf 82' lang='lat' dir='ltr'><strong>conf.</strong></span> <span class='ocrx_word' id='word_1_108' title='bbox 284 2533 334 2596; x_wconf 81' lang='lat'><strong>25.</strong></span> <span class='ocrx_word' id='word_1_109' title='bbox 348 2545 379 2593; x_wconf 89' lang='lat' dir='ltr'><strong>et</strong></span> <span class='ocrx_word' id='word_1_110' title='bbox 393 2534 547 2618; x_wconf 79' lang='lat' dir='ltr'><strong>Wegelini</strong></span> <span class='ocrx_word' id='word_1_111' title='bbox 564 2529 686 2606; x_wconf 80' lang='grc' dir='ltr'><strong><em>ἔκδυσις</em></strong></span> <span class='ocrx_word' id='word_1_112' title='bbox 701 2545 731 2596; x_wconf 89' lang='lat' dir='ltr'><strong>et</strong></span> <span class='ocrx_word' id='word_1_113' title='bbox 743 2535 868 2595; x_wconf 77' lang='lat' dir='ltr'><strong>Febris.</strong></span> <span class='ocrx_word' id='word_1_114' title='bbox 881 2535 921 2594; x_wconf 88' lang='lat' dir='ltr'><strong>ad</strong></span> <span class='ocrx_word' id='word_1_115' title='bbox 935 2534 1033 2598; x_wconf 86' lang='lat' dir='ltr'><strong>Allat.</strong></span> <span class='ocrx_word' id='word_1_116' title='bbox 1048 2537 1088 2597; x_wconf 91' lang='lat' dir='ltr'><strong>de</strong></span> <span class='ocrx_word' id='word_1_117' title='bbox 1101 2535 1223 2601; x_wconf 82' lang='lat' dir='ltr'><strong>Psellis.</strong></span> 
     </span>
    </p>

    <p class='ocr_par' dir='ltr' id='par_1_10' title="bbox 138 2615 1248 2784">
     <span class='ocr_line' id='line_1_18' title="bbox 138 2615 1248 2698; baseline -0.001 -17"><span class='ocrx_word' id='word_1_118' title='bbox 138 2615 238 2683; x_wconf 84' lang='lat' dir='ltr'><strong>Pselli</strong></span> <span class='ocrx_word' id='word_1_119' title='bbox 259 2619 397 2698; x_wconf 83' lang='lat' dir='ltr'><strong>synopsis</strong></span> <span class='ocrx_word' id='word_1_120' title='bbox 421 2621 494 2682; x_wconf 81' lang='lat' dir='ltr'><strong>artis</strong></span> <span class='ocrx_word' id='word_1_121' title='bbox 514 2619 650 2681; x_wconf 87' lang='lat' dir='ltr'><strong>medicae</strong></span> <span class='ocrx_word' id='word_1_122' title='bbox 670 2617 710 2680; x_wconf 87' lang='lat' dir='ltr'><strong>ad</strong></span> <span class='ocrx_word' id='word_1_123' title='bbox 725 2619 961 2680; x_wconf 89' lang='lat' dir='ltr'><strong>Constantinum</strong></span> <span class='ocrx_word' id='word_1_124' title='bbox 979 2618 1248 2682; x_wconf 70' lang='lat' dir='ltr'><strong>inEscurialens‘v</strong></span> 
     </span>
     <span class='ocr_line' id='line_1_19' title="bbox 188 2699 1027 2784; baseline 0.007 -25"><span class='ocrx_word' id='word_1_125' title='bbox 188 2699 358 2760; x_wconf 76' lang='lat' dir='ltr'><strong>Mantiane.</strong></span> <span class='ocrx_word' id='word_1_126' title='bbox 381 2704 414 2762; x_wconf 88' lang='lat' dir='ltr'><strong>in</strong></span> <span class='ocrx_word' id='word_1_127' title='bbox 434 2702 515 2764; x_wconf 86' lang='lat' dir='ltr'><strong>Bibl.</strong></span> <span class='ocrx_word' id='word_1_128' title='bbox 539 2705 695 2764; x_wconf 86' lang='lat' dir='ltr'><strong>Manuscr.</strong></span> <span class='ocrx_word' id='word_1_129' title='bbox 714 2723 745 2784; x_wconf 88' lang='lat' dir='ltr'><strong>p.</strong></span> <span class='ocrx_word' id='word_1_130' title='bbox 766 2701 839 2766; x_wconf 81' lang='lat'><strong>623.</strong></span> <span class='ocrx_word' id='word_1_131' title='bbox 1015 2729 1027 2747; x_wconf 72' lang='lat'><strong>.</strong></span> 
     </span>
    </p>

    <p class='ocr_par' dir='ltr' id='par_1_11' title="bbox 141 2784 1244 3203">
     <span class='ocr_line' id='line_1_20' title="bbox 141 2784 1241 2856; baseline -0.004 -8"><span class='ocrx_word' id='word_1_132' title='bbox 141 2786 334 2856; x_wconf 69' lang='lat' dir='ltr'><strong>Mutatorius</strong></span> <span class='ocrx_word' id='word_1_133' title='bbox 355 2786 394 2846; x_wconf 90' lang='grc' dir='ltr'><strong>Τ.</strong></span> <span class='ocrx_word' id='word_1_134' title='bbox 409 2786 450 2850; x_wconf 91' lang='lat'><strong>11.</strong></span> <span class='ocrx_word' id='word_1_135' title='bbox 465 2786 538 2848; x_wconf 86' lang='lat' dir='ltr'><strong>Ant.</strong></span> <span class='ocrx_word' id='word_1_136' title='bbox 560 2787 630 2848; x_wconf 87' lang='lat' dir='ltr'><strong>ltal.</strong></span> <span class='ocrx_word' id='word_1_137' title='bbox 652 2787 726 2846; x_wconf 87' lang='lat' dir='ltr'><strong>diss.</strong></span> <span class='ocrx_word' id='word_1_138' title='bbox 750 2784 803 2846; x_wconf 81' lang='lat'><strong>26.</strong></span> <span class='ocrx_word' id='word_1_139' title='bbox 824 2795 962 2846; x_wconf 86' lang='lat' dir='ltr'><strong>recenset</strong></span> <span class='ocrx_word' id='word_1_140' title='bbox 982 2795 1121 2846; x_wconf 84' lang='lat' dir='ltr'><strong>auctores</strong></span> <span class='ocrx_word' id='word_1_141' title='bbox 1142 2785 1241 2845; x_wconf 85' lang='lat' dir='ltr'><strong>Tacti·</strong></span> 
     </span>
     <span class='ocr_line' id='line_1_21' title="bbox 186 2867 1242 2950; baseline 0.001 -21"><span class='ocrx_word' id='word_1_142' title='bbox 186 2890 240 2929; x_wconf 89' lang='lat' dir='ltr'><strong>cos</strong></span> <span class='ocrx_word' id='word_1_143' title='bbox 255 2867 459 2930; x_wconf 87' lang='lat' dir='ltr'><strong>Bibliothecae</strong></span> <span class='ocrx_word' id='word_1_144' title='bbox 472 2869 695 2930; x_wconf 84' lang='lat' dir='ltr'><strong>Ambrosianae</strong></span> <span class='ocrx_word' id='word_1_145' title='bbox 710 2869 839 2930; x_wconf 86' lang='lat' dir='ltr'><strong>ineditos</strong></span> <span class='ocrx_word' id='word_1_146' title='bbox 854 2913 864 2946; x_wconf 87' lang='lat'>‚</span> <span class='ocrx_word' id='word_1_147' title='bbox 886 2869 966 2929; x_wconf 89' lang='lat' dir='ltr'><strong>inter</strong></span> <span class='ocrx_word' id='word_1_148' title='bbox 985 2890 1062 2950; x_wconf 91' lang='lat' dir='ltr'><strong>quos</strong></span> <span class='ocrx_word' id='word_1_149' title='bbox 1076 2879 1242 2930; x_wconf 87' lang='lat' dir='ltr'><strong>occurrunt</strong></span> 
     </span>
     <span class='ocr_line' id='line_1_22' title="bbox 188 2945 1243 3032; baseline -0.004 -16"><span class='ocrx_word' id='word_1_150' title='bbox 188 2946 387 3031; x_wconf 78' lang='grc' dir='ltr'><strong><em>Ναυμιιχικὰ</em></strong></span> <span class='ocrx_word' id='word_1_151' title='bbox 414 2951 577 3030; x_wconf 79' lang='grc' dir='ltr'><strong>Λέοντος,</strong></span> <span class='ocrx_word' id='word_1_152' title='bbox 599 2955 723 3015; x_wconf 87' lang='lat' dir='ltr'><strong>inedita.</strong></span> <span class='ocrx_word' id='word_1_153' title='bbox 766 2945 966 3030; x_wconf 78' lang='grc' dir='ltr'><strong><em>Ναυμαχικὰ</em></strong></span> <span class='ocrx_word' id='word_1_154' title='bbox 983 2945 1072 3032; x_wconf 75' lang='grc' dir='ltr'><em>παρὰ</em></span> <span class='ocrx_word' id='word_1_155' title='bbox 1090 2949 1243 3012; x_wconf 78' lang='grc' dir='ltr'><strong><em>Βασιλεί-</em></strong></span> 
     </span>
     <span class='ocr_line' id='line_1_23' title="bbox 189 3031 1242 3118; baseline 0 -24"><span class='ocrx_word' id='word_1_156' title='bbox 189 3054 228 3094; x_wconf 88' lang='grc' dir='ltr'><strong>ου</strong></span> <span class='ocrx_word' id='word_1_157' title='bbox 248 3031 415 3116; x_wconf 75' lang='grc' dir='ltr'><strong><em>πατρικίου</em></strong></span> <span class='ocrx_word' id='word_1_158' title='bbox 430 3033 486 3095; x_wconf 82' lang='grc' dir='ltr'><strong><em>καί</em></strong></span> <span class='ocrx_word' id='word_1_159' title='bbox 509 3031 808 3118; x_wconf 79' lang='grc' dir='ltr'><strong>παρακοιμωμὲνου.</strong></span> <span class='ocrx_word' id='word_1_160' title='bbox 851 3035 888 3095; x_wconf 91' lang='lat' dir='ltr'><strong>ln</strong></span> <span class='ocrx_word' id='word_1_161' title='bbox 909 3034 971 3096; x_wconf 84' lang='lat' dir='ltr'><strong>alio</strong></span> <span class='ocrx_word' id='word_1_162' title='bbox 993 3035 1098 3096; x_wconf 88' lang='lat' dir='ltr'><strong>codiee</strong></span> <span class='ocrx_word' id='word_1_163' title='bbox 1119 3037 1145 3097; x_wconf 89' lang='grc' dir='ltr'><strong><em>Ι</em></strong></span> <span class='ocrx_word' id='word_1_164' title='bbox 1159 3035 1242 3095; x_wconf 84' lang='lat' dir='ltr'><strong>Tat-</strong></span> 
     </span>
     <span class='ocr_line' id='line_1_24' title="bbox 187 3113 1244 3203; baseline -0.002 -23"><span class='ocrx_word' id='word_1_165' title='bbox 187 3119 247 3180; x_wconf 80' lang='lat' dir='ltr'><strong>tict&#39;</strong></span> <span class='ocrx_word' id='word_1_166' title='bbox 264 3116 301 3177; x_wconf 87' lang='lat' dir='ltr'><strong>di</strong></span> <span class='ocrx_word' id='word_1_167' title='bbox 324 3117 533 3180; x_wconf 80' lang='lat' dir='ltr'><strong>Constantino</strong></span> <span class='ocrx_word' id='word_1_168' title='bbox 562 3120 857 3203; x_wconf 77' lang='lat' dir='ltr'><strong>Porphyrogeneta.</strong></span> <span class='ocrx_word' id='word_1_169' title='bbox 898 3117 1046 3181; x_wconf 85' lang='lat' dir='ltr'><strong>Eiusdem</strong></span> <span class='ocrx_word' id='word_1_170' title='bbox 1068 3113 1145 3202; x_wconf 74' lang='lat' dir='ltr'><strong>napi</strong></span> <span class='ocrx_word' id='word_1_171' title='bbox 1164 3137 1244 3180; x_wconf 76' lang='grc' dir='ltr'><strong><em>ναυ-</em></strong></span> 
     </span>
    </p>

    <p class='ocr_par' dir='ltr' id='par_1_12' title="bbox 146 3194 1244 3451">
     <span class='ocr_line' id='line_1_25' title="bbox 146 3194 1244 3348; baseline -0.004 0"><span class='ocrx_word' id='word_1_172' title='bbox 146 3194 1054 3348; x_wconf 50' lang='lat' dir='ltr'><strong>..ee&#39;nutemeattestant...</strong></span> <span class='ocrx_word' id='word_1_173' title='bbox 1078 3293 1244 3346; x_wconf 52' lang='lat' dir='ltr'><strong>a...</strong></span> 
     </span>
     <span class='ocr_line' id='line_1_26' title="bbox 191 3309 1003 3451; baseline -0.002 -22"><span class='ocrx_word' id='word_1_174' title='bbox 191 3369 374 3446; x_wconf 85' lang='lat' dir='ltr'><strong>(Montlauc.</strong></span> <span class='ocrx_word' id='word_1_175' title='bbox 390 3367 430 3428; x_wconf 88' lang='grc' dir='ltr'><strong>Τ.</strong></span> <span class='ocrx_word' id='word_1_176' title='bbox 444 3371 468 3431; x_wconf 93' lang='lat' dir='ltr'><strong>l.</strong></span> <span class='ocrx_word' id='word_1_177' title='bbox 483 3391 513 3450; x_wconf 88' lang='lat' dir='ltr'><strong>p.</strong></span> <span class='ocrx_word' id='word_1_178' title='bbox 526 3309 606 3448; x_wconf 66' lang='lat' dir='ltr'><strong>llll.)</strong></span> <span class='ocrx_word' id='word_1_179' title='bbox 623 3379 694 3430; x_wconf 83' lang='lat' dir='ltr'><strong>sunt</strong></span> <span class='ocrx_word' id='word_1_180' title='bbox 713 3368 905 3428; x_wconf 79' lang='lat' dir='ltr'><strong>Constantini</strong></span> <span class='ocrx_word' id='word_1_181' title='bbox 921 3370 1003 3451; x_wconf 92' lang='lat' dir='ltr'><strong>lmp.</strong></span> 
     </span>
    </p>

    <p class='ocr_par' dir='ltr' id='par_1_13' title="bbox 148 3451 1245 3702">
     <span class='ocr_line' id='line_1_27' title="bbox 148 3451 1245 3534; baseline -0.001 -21"><span class='ocrx_word' id='word_1_182' title='bbox 148 3451 197 3513; x_wconf 90' lang='lat' dir='ltr'><strong>Ut</strong></span> <span class='ocrx_word' id='word_1_183' title='bbox 218 3453 434 3512; x_wconf 82' lang='lat' dir='ltr'><strong>Constantinus</strong></span> <span class='ocrx_word' id='word_1_184' title='bbox 453 3452 601 3514; x_wconf 85' lang='lat' dir='ltr'><strong>nonnulla</strong></span> <span class='ocrx_word' id='word_1_185' title='bbox 619 3453 657 3513; x_wconf 91' lang='lat' dir='ltr'><strong>de</strong></span> <span class='ocrx_word' id='word_1_186' title='bbox 671 3473 705 3512; x_wconf 91' lang='lat' dir='ltr'><strong>re</strong></span> <span class='ocrx_word' id='word_1_187' title='bbox 725 3451 849 3512; x_wconf 88' lang='lat' dir='ltr'><strong>militari</strong></span> <span class='ocrx_word' id='word_1_188' title='bbox 865 3453 1005 3534; x_wconf 84' lang='lat' dir='ltr'><strong>scripsit,</strong></span> <span class='ocrx_word' id='word_1_189' title='bbox 1034 3454 1078 3513; x_wconf 87' lang='lat' dir='ltr'><strong>ita</strong></span> <span class='ocrx_word' id='word_1_190' title='bbox 1092 3451 1169 3534; x_wconf 90' lang='lat' dir='ltr'><strong>lmp.</strong></span> <span class='ocrx_word' id='word_1_191' title='bbox 1181 3452 1245 3512; x_wconf 84' lang='lat' dir='ltr'><strong>Ma-</strong></span> 
     </span>
     <span class='ocr_line' id='line_1_28' title="bbox 192 3533 1245 3619; baseline 0.001 -25"><span class='ocrx_word' id='word_1_192' title='bbox 192 3535 340 3596; x_wconf 82' lang='lat' dir='ltr'><strong>ximiliani</strong></span> <span class='ocrx_word' id='word_1_193' title='bbox 373 3535 443 3596; x_wconf 88' lang='lat' dir='ltr'><strong>libri</strong></span> <span class='ocrx_word' id='word_1_194' title='bbox 474 3534 613 3619; x_wconf 83' lang='lat' dir='ltr'><strong>plerique</strong></span> <span class='ocrx_word' id='word_1_195' title='bbox 641 3537 680 3598; x_wconf 88' lang='lat' dir='ltr'><strong>ad</strong></span> <span class='ocrx_word' id='word_1_196' title='bbox 704 3537 898 3597; x_wconf 85' lang='lat' dir='ltr'><strong>venationem</strong></span> <span class='ocrx_word' id='word_1_197' title='bbox 931 3547 962 3596; x_wconf 87' lang='lat' dir='ltr'><strong>et</strong></span> <span class='ocrx_word' id='word_1_198' title='bbox 986 3555 1052 3596; x_wconf 89' lang='lat' dir='ltr'><strong>rem</strong></span> <span class='ocrx_word' id='word_1_199' title='bbox 1080 3533 1245 3597; x_wconf 70' lang='lat' dir='ltr'><strong>militarem</strong></span> 
     </span>
     <span class='ocr_line' id='line_1_29' title="bbox 191 3617 682 3702; baseline 0.008 -24"><span class='ocrx_word' id='word_1_200' title='bbox 191 3622 357 3700; x_wconf 77' lang='lat' dir='ltr'><strong>pertinent.</strong></span> <span class='ocrx_word' id='word_1_201' title='bbox 401 3619 542 3683; x_wconf 87' lang='lat' dir='ltr'><strong>Lambec.</strong></span> <span class='ocrx_word' id='word_1_202' title='bbox 562 3641 593 3702; x_wconf 93' lang='lat' dir='ltr'><strong>p.</strong></span> <span class='ocrx_word' id='word_1_203' title='bbox 618 3617 682 3682; x_wconf 81' lang='lat'><strong>183.</strong></span> 
     </span>
    </p>

    <p class='ocr_par' dir='ltr' id='par_1_14' title="bbox 151 3701 1246 3867">
     <span class='ocr_line' id='line_1_30' title="bbox 151 3701 1246 3786; baseline -0.002 -22"><span class='ocrx_word' id='word_1_204' title='bbox 151 3701 309 3785; x_wconf 78' lang='lat' dir='ltr'><strong>Anonymi</strong></span> <span class='ocrx_word' id='word_1_205' title='bbox 328 3703 568 3764; x_wconf 79' lang='lat' dir='ltr'><strong>additamentum</strong></span> <span class='ocrx_word' id='word_1_206' title='bbox 598 3703 637 3764; x_wconf 93' lang='lat' dir='ltr'><strong>ad</strong></span> <span class='ocrx_word' id='word_1_207' title='bbox 658 3703 848 3764; x_wconf 83' lang='lat' dir='ltr'><strong>Constantio.</strong></span> <span class='ocrx_word' id='word_1_208' title='bbox 873 3701 912 3764; x_wconf 88' lang='lat' dir='ltr'><strong>de</strong></span> <span class='ocrx_word' id='word_1_209' title='bbox 936 3703 1068 3786; x_wconf 73' lang='lat' dir='ltr'><strong>imagine</strong></span> <span class='ocrx_word' id='word_1_210' title='bbox 1091 3701 1246 3764; x_wconf 86' lang='lat' dir='ltr'><strong>Edessena</strong></span> 
     </span>
     <span class='ocr_line' id='line_1_31' title="bbox 195 3787 763 3867; baseline 0 -21"><span class='ocrx_word' id='word_1_211' title='bbox 195 3789 289 3847; x_wconf 89' lang='lat' dir='ltr'><strong>estin</strong></span> <span class='ocrx_word' id='word_1_212' title='bbox 307 3787 375 3852; x_wconf 88' lang='lat' dir='ltr'><strong>cod.</strong></span> <span class='ocrx_word' id='word_1_213' title='bbox 403 3787 602 3867; x_wconf 70' lang='lat' dir='ltr'><strong>14.L.V111.</strong></span> <span class='ocrx_word' id='word_1_214' title='bbox 619 3787 763 3847; x_wconf 89' lang='lat' dir='ltr'><strong>Lambcc.</strong></span> 
     </span>
    </p>

    <p class='ocr_par' dir='ltr' id='par_1_15' title="bbox 152 3867 1247 3935">
     <span class='ocr_line' id='line_1_32' title="bbox 152 3867 1247 3935; baseline -0.001 -1"><span class='ocrx_word' id='word_1_215' title='bbox 152 3870 283 3934; x_wconf 85' lang='lat' dir='ltr'><strong>Romani</strong></span> <span class='ocrx_word' id='word_1_216' title='bbox 301 3881 331 3932; x_wconf 88' lang='lat' dir='ltr'><strong>et</strong></span> <span class='ocrx_word' id='word_1_217' title='bbox 344 3871 534 3932; x_wconf 83' lang='lat' dir='ltr'><strong>Constantini</strong></span> <span class='ocrx_word' id='word_1_218' title='bbox 548 3872 786 3932; x_wconf 86' lang='lat' dir='ltr'><strong>Constitutiones</strong></span> <span class='ocrx_word' id='word_1_219' title='bbox 803 3867 1020 3933; x_wconf 79' lang='lat' dir='ltr'><strong>ecclesiasticae</strong></span> <span class='ocrx_word' id='word_1_220' title='bbox 1037 3873 1070 3933; x_wconf 90' lang='lat' dir='ltr'><strong>in</strong></span> <span class='ocrx_word' id='word_1_221' title='bbox 1083 3867 1162 3935; x_wconf 86' lang='lat' dir='ltr'><strong>Bibl.</strong></span> <span class='ocrx_word' id='word_1_222' title='bbox 1175 3867 1247 3933; x_wconf 77' lang='lat' dir='ltr'><strong>Am·</strong></span> 
     </span>
    </p>

    <p class='ocr_par' dir='ltr' id='par_1_16' title="bbox 87 3953 989 4036">
     <span class='ocr_line' id='line_1_33' title="bbox 87 3953 989 4036; baseline 0.002 -22"><span class='ocrx_word' id='word_1_223' title='bbox 87 3955 92 3968; x_wconf 92' lang='lat'>&#39;</span> <span class='ocrx_word' id='word_1_224' title='bbox 194 3953 346 4018; x_wconf 87' lang='lat' dir='ltr'><strong>brosiana.</strong></span> <span class='ocrx_word' id='word_1_225' title='bbox 362 3977 392 4019; x_wconf 91' lang='lat' dir='ltr'><strong>v.</strong></span> <span class='ocrx_word' id='word_1_226' title='bbox 411 3955 580 4018; x_wconf 84' lang='lat' dir='ltr'><strong>Montlauc.</strong></span> <span class='ocrx_word' id='word_1_227' title='bbox 595 3953 673 4019; x_wconf 87' lang='lat' dir='ltr'><strong>Blbl.</strong></span> <span class='ocrx_word' id='word_1_228' title='bbox 699 3957 854 4016; x_wconf 86' lang='lat' dir='ltr'><strong>Manuscr.</strong></span> <span class='ocrx_word' id='word_1_229' title='bbox 872 3953 989 4036; x_wconf 80' lang='lat' dir='ltr'><strong>p.623.</strong></span> 
     </span>
    </p>
   </div>
   <div class='ocr_carea' id='block_1_5' title="bbox 0 0 1553 4825">
    <p class='ocr_par' dir='ltr' id='par_1_17' title="bbox 0 0 1553 4825">
     <span class='ocr_line' id='line_1_34' title="bbox 0 0 1553 4825; baseline 0 0"><span class='ocrx_word' id='word_1_230' title='bbox 0 0 1553 4825; x_wconf 95' lang='lat' dir='ltr'><strong> </strong></span> 
     </span>
    </p>
   </div>
  </div>
 </body>
</html>
