3042 4825
330 213 387 277 un
415 204 781 279 carmonensis
807 200 980 270 armar.
1005 207 1105 282 roo.
1134 290 1154 314 ν
1175 173 1264 290 4ο9

118 397 124 402 ·
169 364 228 448 τὸν
251 362 437 452 μάχιατρον
457 369 686 449 προαναραγεῖν
713 363 758 450 τῷ
777 362 909 444 βασιλεῖ
913 407 925 441 ,
946 358 1103 440 ἐπιδεῖξαι
1122 356 1159 422 δὲ
1179 355 1269 445 αὐτῷ

169 464 226 533 καί
243 463 300 554 τήν
319 467 436 552 γνῶσιν
454 465 518 531 cciv
539 458 660 549 δάροιν.
701 464 756 528 καί
776 458 793 526 ὅ
815 458 975 546 πρέσβεις,
1000 453 1152 542 elsatan
1173 457 1297 535 δέξα-Ῑ)

169 569 252 632 σθαι
264 614 290 649 ,,
306 560 525 650 εἰσερχόμενος
553 568 736 648 παρακαλεῖ
749 557 805 626 τὸν
832 554 1002 644 δεσπότην,
1034 557 1089 621 ἵνα
1109 555 1210 641 (λεχθῇ
1228 549 1267 620 τά

169 666 260 752 δῶρα
282 662 402 730 αὐτοῦ·
433 666 489 729 καί
516 659 574 728 ἐάν
595 663 752 749 ἐπιτρέψῃ
775 655 792 722 ὅ
814 655 986 742 δεσπότης,
1016 657 1217 740 εἰσέρχονται
1237 648 1269 716 oi

149 755 337 848 δάνθροιποι
366 755 466 828 odacri
492 759 705 846 βαστάζοντες
730 757 773 824 τά
794 760 884 845 δῶρα
906 755 1025 837 αὐτοῦ,
1053 751 1110 819 καὶ
1128 748 1209 816 κατά
1230 753 1267 814 τὸ

131 879 137 892 ’
168 856 283 944 ὅμοιον
302 863 414 948 σχῆμα
432 862 554 947 γίνεται
575 860 621 939 οὖς
641 861 696 926 tut
714 861 776 926 cois
796 859 970 944 βασιλικῶν
991 853 1119 940 deipara,
1145 853 1201 918 κατ’
1218 851 1269 935 ρι’-

166 984 256 1028 νεται
276 964 443 1046 συντυχία.
483 958 548 1048 χρὴ
571 962 607 1026 δὲ
627 957 684 1026 τάν
702 949 841 1042 βασιλέα
861 956 957 1024 πάλιν
977 953 1034 1022 καὶ
1052 955 1194 1036 συνεχῶς
1213 946 1269 1014 καὶ

166 1062 273 1136 καλῶς
290 1065 476 1147 μεμνῆσθαι
496 1063 556 1127 τοῦ
573 1063 732 1144 βασιλέως
752 1063 817 1126 τοῖν
837 1059 981 1143 Περσοῖν
1001 1055 1057 1120 καὶ
1077 1056 1133 1139 τῆς
1154 1053 1267 1116 διαθέ-

166 1179 246 1238 σεως
267 1159 377 1242 αὐτοῦ,
398 1159 455 1226 καλ
472 1155 530 1226 ε’άν
550 1162 636 1227 ἐστιν
656 1155 840 1247 εἶρὴνη,και“
858 1153 993 1223 τοιαῦτά
1013 1177 1083 1221 τινα
1104 1153 1414 1234 taratarantium

128 1257 223 1324 ιοιιαί
242 1257 376 1324 α’πολάει
404 1257 503 1324 odric
524 1257 542 1322 ὅ
562 1256 733 1342 βασιλεάς,
766 1255 824 1323 καὶ
842 1258 994 1339 ἀναμένει
1012 1252 1068 1320 τὸν
1094 1250 1268 1334 μάχιστρον

163 1353 243 1439 ἔξω,
272 1354 330 1422 καὶ
357 1357 520 1444 ἐξέρχεται
542 1355 559 1423 o‘
579 1357 754 1443 μάχιστρος
775 1358 834 1421 xci
851 1355 1053 1421 συντάττεται
1074 1350 1161 1439 cointii
1181 1340 1266 1429 άνοι,

161 1457 220 1520 καί
245 1450 380 1521 cincidas
407 1455 507 1521 αάτάν
536 1459 594 1522 καί
620 1456 727 1533 αιλτός.
771 1459 806 1520 έν
835 1457 871 1520 δὲ
891 1464 960 1529 ταῖς
991 1445 1106 1528 άλλοιις
1125 1451 1265 1535 ἡμέραις

160 1553 410 1636 μεταστέλλεται
431 1548 539 1637 oriris,
561 1559 619 1620 καί
637 1560 733 1620 λαλεῖ
747 1552 788 1619 τά
812 1551 888 1638 περὶ
904 1555 963 1618 τοῦ
984 1541 1177 1638 πράγματος.
1206 1551 1265 1614 καί

162 1649 220 1717 ἐάν
239 1653 375 1740 συνέδῃ,
407 1655 570 1739 ἐπιτρέπει
604 1656 651 1740 τῷ
669 1653 833 1742 μογιλττριρ
858 1646 881 1738 ἢ
908 1648 965 1717 aci
989 1644 1099 1725 ἄλλοις
1126 1641 1265 1734 ἄρχουσι

122 1751 223 1827 ιςσάν
251 1752 339 1841 αὐτῷ
365 1748 426 1830 ἔξω
455 1753 594 1836 λαλῆσαι
622 1749 705 1834 μετά
737 1753 796 1818 τοῦ
825 1751 1034 1836 πρεσβευτοῦ.
1074 1743 1131 1813 ἐάν
1156 1747 1193 1813 δὲ
1213 1746 1264 1831 εἴη

162 1851 270 1916 τελεία
291 1849 385 1938 φιλία
401 1848 520 1930 μεταξὺ
544 1853 609 1914 τοῖν
628 1851 804 1931 πολιτειῶν,
828 1853 883 1915 δεῖ
897 1847 1107 1930 τὸνβασιλέα
1128 1847 1288 1930 πέμπεινλλ

161 1949 216 2014 καί
233 1947 377 2034 συνεχῶς
397 1941 495 2013 αὐτὸν
515 1947 762 2016 ἐπισκέπτεσθαι
790 1948 847 2014 καὶ
864 1948 1056 2032 μανθάνειν,
1087 1948 1155 2023 πῶς
1173 1943 1262 2027 ἔμει-

200 2225 217 2262 ο
235 2207 356 2262 rccanda
373 2209 433 2264 vice
450 2210 487 2263 ad
503 2210 657 2280 Augurium
670 2211 842 2274 admittitur,
859 2225 910 2280 per
922 2211 1082 2280 magistrum
1097 2206 1259 2278 supplicari,

192 2288 291 2349 gnatur
309 2279 445 2332 Dominus
468 2297 501 2332 ea
528 2290 683 2351 acceptares
704 2283 883 2351 Dominoque
900 2288 1052 2344 annuente,
1070 2285 1258 2332 monstratas

159 2357 228 2402 tunc
246 2351 308 2419 ipro
327 2350 487 2402 audientiae
505 2350 551 2402 die
570 2352 700 2423 magistro
725 2351 755 2402 ln
781 2352 841 2402 eius
861 2350 970 2420 schola;
997 2357 1027 2402 et
1046 2351 1191 2405 coniicitur
1209 2363 1258 2399 eo-

160 2437 223 2473 rum
240 2420 343 2473 notitia
362 2438 411 2473 seu
428 2421 583 2489 indiculus3
628 2439 690 2475 ueru
713 2430 867 2476 monstrare
889 2422 967 2505 priua
987 2422 1118 2493 magister
1133 2423 1257 2490 Impera-

159 2492 216 2543 tori
235 2490 321 2544 debet
351 2492 387 2543 ad
417 2508 479 2545 aura
506 2441 683 2546 adscendens.
719 2493 838 2562 Legatos
855 2486 931 2557 dean,
949 2493 1108 2565 qanm¹iam
1127 2490 1157 2540 in
1175 2506 1208 2541 eo
1227 2497 1258 2541 et

160 2567 330 2631 oportunum
352 2571 463 2632 tempus
490 2571 548 2627 est,
571 2572 603 2616 nt
629 2564 785 2634 excipiatur
810 2571 840 2616 et
856 2562 1020 2617 admittatur
1036 2561 1073 2613 ad
1089 2558 1256 2624 Dominum,

159 2630 330 2699 ingreditur,
354 2640 384 2685 et
406 2634 462 2685 iam
478 2648 608 2705 praesens
627 2652 658 2687 su
680 2636 800 2703 plicatur
817 2634 954 2697 Domino,
981 2633 1051 2685 velit
1073 2646 1187 2682 munera
1205 2648 1256 2683 rus

158 2699 280 2769 benigne
305 2709 455 2772 acceptare.
490 2704 526 2757 Et
548 2712 623 2769 tum,
670 2713 715 2756 ata
738 2704 774 2757 ab
796 2706 967 2775 imperatore
987 2704 1086 2766 venia,
1110 2701 1257 2755 introcunt

157 2772 244 2841 legati
263 2772 422 2838 domestici,
441 2773 597 2827 baiulantes
617 2776 677 2827 eius
692 2776 781 2839 dona,
799 2777 926 2847 fiuntque
942 2777 1035 2828 omnia
1051 2771 1164 2835 eadem,
1183 2787 1256 2843 quae

159 2842 221 2895 lieri
239 2841 321 2894 modo
342 2844 513 2910 dicebamus,
543 2863 628 2917 quum
646 2846 734 2915 ipsius
753 2848 893 2898 Persarum
912 2846 983 2913 regis
1001 2859 1115 2897 munera
1132 2845 1255 2911 Impera·
1342 2886 1345 2892 ,

159 2919 205 2965 tor
221 2922 353 2984 acceptat.
389 2916 424 2967 Et
441 2923 500 2968 turn
520 2915 629 2969 demum
648 2918 680 2969 lit
698 2916 877 3000 colloquium.
912 2916 1071 2969 Meminerit
1088 2921 1147 2966 turn
1162 2916 1254 2983 Impe-

159 2990 235 3034 rator
251 3000 308 3034 non
325 2986 433 3050 minua,
451 3002 534 3057 quam
552 2986 695 3058 superiore
713 2986 895 3050 admusione,
914 2986 1061 3056 diligenter
1076 2984 1252 3069 solliciteque

159 3061 244 3123 atque
263 3053 423 3127 frequenter
440 3058 538 3111 Persae
556 3074 658 3111 nomen
675 3058 829 3111 honorifico
848 3074 910 3109 cnm
928 3058 1020 3128 elogio
1037 3057 1123 3110 citare
1152 3062 1182 3108 et
1207 3072 1253 3107 rn-

158 3130 313 3191 terrogarc,
338 3142 421 3209 quern
449 3127 645 3181 ille.animum
664 3142 726 3199 erga
744 3144 774 3181 ac
792 3128 906 3197 prodat,
932 3137 961 3181 ct
984 3144 1083 3199 sperne
1103 3128 1142 3181 rit
1162 3129 1252 3197 impe-

104 3240 107 3247 ,
158 3192 274 3247 troadae
294 3193 329 3246 ab
348 3196 398 3248 allo
417 3198 500 3267 pacis.
536 3201 604 3256 Post
627 3200 810 3270 reciprocatas
838 3199 976 3251 eiusmodi
1000 3215 1138 3251 sermones
1163 3198 1253 3249 lieen-

157 3265 225 3317 tiaru
245 3264 294 3317 dat
311 3268 463 3337 lnperator
482 3270 571 3354 legato
591 3269 727 3324 abeundi:
753 3270 804 3341 qui
821 3272 981 3340 magistrum
999 3278 1075 3323 extra
1093 3271 1184 3323 locum
1202 3268 1253 3319 ad-

156 3335 296 3387 missionis
327 3354 435 3391 rursum
460 3342 569 3411 inipso
588 3340 692 3411 palatio
724 3336 807 3411 [non‚
834 3348 867 3393 ut
883 3350 981 3405 antea,
1003 3342 1034 3392 in
1052 3342 1113 3394 eius
1131 3335 1252 3411 schola,}

155 3407 348 3475 praestolatur·
384 3410 515 3481 Magister
540 3413 624 3481 paulo
654 3419 719 3483 post
748 3410 884 3480 digressus
907 3428 924 3465 a
947 3411 1070 3464 Domino
1095 3410 1154 3464 exit
1179 3409 1252 3462 foras
1343 3407 1347 3417 '

156 3475 193 3528 ad
210 3476 481 3553 legatum,·valeque
500 3483 555 3552 ipri
573 3482 655 3547 dicit,
679 3490 708 3535 et
725 3481 867 3535 licentiam
885 3484 947 3553 ipse
964 3498 1078 3554 quoqne
1096 3483 1152 3533 dat.
1188 3483 1253 3535 Post

154 3548 259 3617 primas
276 3548 326 3604 har
346 3550 426 3607 binas
444 3551 624 3607 admissiones
649 3553 762 3607 arcersit
780 3556 947 3623 Imperator,
974 3554 1085 3623 quoties
1111 3551 1166 3621 ipsi
1189 3553 1251 3620 pla-

156 3620 259 3683 cuerit,
282 3620 418 3691 legatum,
443 3632 471 3677 et
494 3641 557 3677 cunr
575 3640 608 3679 eo
628 3623 662 3677 de
680 3624 794 3693 negotio
812 3622 948 3678 ambobus
967 3624 1092 3693 imperiis
1110 3624 1250 3674 communi

153 3686 294 3763 huiusque
324 3693 472 3763 legationis
498 3703 659 3764 argumento
685 3712 824 3748 sermones
849 3697 955 3748 miscet
990 3695 1019 3748 Si
1038 3696 1127 3745 visum
1150 3693 1251 3757 inerit,

154 3760 239 3813 etiam
256 3764 388 3831 magistro
405 3765 459 3817 coli
477 3767 627 3836 permittit,
651 3766 748 3819 aliirve
767 3767 927 3836 proceribus
946 3772 1057 3835 praeter
1073 3781 1157 3826 enm,
1180 3763 1249 3815 ioris

153 3838 230 3882 extra
254 3834 390 3902 palatium
414 3852 477 3888 cum
499 3838 591 3906 legato
616 3853 658 3890 res
682 3838 796 3905 agitare.
837 3838 868 3891 Si
893 3837 1015 3907 denique
1038 3834 1160 3888 amicitia
1185 3848 1249 3903 pep-
1305 3862 1316 3873 =

151 3898 224 3953 lecta
243 3902 397 3959 intercedat
413 3906 496 3960 ambo
520 3910 656 3979 imperia,
672 3916 715 3961 cat
732 3908 908 3977 Imperatoria
927 3905 1025 3971 nostri,
1044 3914 1075 3959 ut
1091 3904 1248 3959 visitatores

156 3969 310 4027 identidem
329 3977 419 4047 legato
444 3978 592 4042 immittat,
607 3996 667 4033 ,arro
691 3980 805 4031 nomine
828 3986 1053 4048 percontaturos,
1078 3973 1148 4045 quid
1170 3979 1251 4041 agat,

152 4042 204 4112 quii
222 4046 330 4109 valeat,
346 4050 487 4118 quomodo
505 4066 554 4103 cua
574 4050 627 4119 ipsi
646 4050 753 4101 mansio
772 4048 900 4102 arrideat.
931 4051 1001 4101 item
1018 4055 1051 4099 ut
1069 4042 1124 4115 ipsi
1141 4043 1176 4097 do
1193 4042 1248 4095 ier-

153 4113 223 4170 culis
241 4132 353 4171 mensae
372 4136 438 4177 suaa
456 4121 615 4193 portiones,
634 4128 662 4175 et
681 4129 737 4177 tam
755 4120 786 4175 ia
803 4122 905 4174 noctur
924 4118 1024 4173 diebos
1041 4117 1137 4182 iestis,
1162 4131 1247 4187 φησι
