3042 4825
323 265 602 334 eucnemon.
633 265 770 330 tutte
800 264 969 330 nemun.
998 271 1024 330 1.
1046 271 1097 341 ω,
1168 240 1251 341 421

158 445 211 498 νος
232 418 288 484 nul
307 425 364 506 ιής
384 421 540 506 όμετέρας
568 419 703 500 εόζωίας
730 425 948 506 προνοοῦντος,
985 417 1169 506 φθάσαντες
1198 422 1255 483 κατ’

157 513 372 606 προλαβόντες
392 519 451 595 τός
471 521 628 606 ὑμετέρας
651 517 797 605 αἰτήσεις,
818 517 873 584 τόν
894 517 1096 595 ἐνδοξότατον
1118 513 1284 583 Ἰουλια-(ἶ

158 618 215 684 νόν
234 622 279 696 εἰς
299 617 357 704 τήν
377 615 526 706 όπαρχσν
547 618 671 705 ἆρχήν,
705 623 762 684 τοῦ
782 619 936 686 δεσπότου
959 610 1044 684 ’Θεοῦ
1071 618 1255 684 ἐπινεύσαν-

156 741 220 800 τος,
243 719 515 802 προβαλλόμεθα.”
549 718 610 783 sind
633 721 756 783 πάντων
778 718 916 804 ἐκρόγη·
950 715 1073 802 ,,ταότη
1094 714 1174 801 καλή
1195 711 1255 805 οἷρ·

137 811 212 900 ⁵ti·
255 815 353 882 πολλὰ
374 815 412 882 τό
435 815 491 902 ἐτη
510 821 567 904 τῆς
588 819 776 902 αόγοόστας,
796 817 895 881 πολλὰ
917 815 957 881 τό
980 817 1032 900 ἔτη
1052 818 1115 882 τεόν
1136 808 1255 899 dupin-

154 920 247 980 των.”
267 909 443 1001 οἶτιόιιρισις·
468 920 545 1000 „tlt
567 909 624 981 σόν
644 915 803 1002 δμετέρας
816 917 910 981 ’ἐστίν
930 913 1171 993 καθυσιαόσεως,
1190 911 1254 978 (δσ-

154 1039 215 1102 περ
249 1018 302 1078 del
326 1013 522 1101 ἐφυλάξατε,
556 1011 638 1082 otro
675 1018 732 1080 sai
756 1019 815 1080 νῦν
837 1012 979 1101 φυλάξαι
1008 1011 1066 1098 τήν
1095 1012 1253 1092 εὐταξίαν.

155 1115 212 1196 τῆς
232 1112 294 1199 γὰρ
317 1113 473 1198 ὑμετέρας
503 1113 639 1193 cellulae
660 1115 716 1178 καί
734 1116 862 1178 πάντων
880 1115 944 1178 τῶν
964 1111 1194 1197 συμφερόντων
1214 1111 1254 1172 ό-

153 1221 210 1292 μῖν
237 1216 362 1297 πρῶτον
383 1215 442 1294 μὲν
463 1211 481 1277 ό
504 1211 656 1296 δεσπότης
678 1209 780 1294 Θεός,
813 1209 922 1277 ἔπειτα
942 1212 979 1276 δέ
999 1214 1055 1275 stul
1073 1210 1163 1295 ήμεῖς
1183 1207 1254 1273 lxo-

117 1312 217 1384 ιονιός
237 1307 493 1395 προενσήσαμεν,
527 1309 582 1375 nal
600 1311 720 1388 εὐδίοις
740 1309 965 1393 βουλευόμενοι
982 1307 1061 1390 μετὰ
1081 1313 1144 1375 τῶν
1164 1305 1253 1374 ἐνδό-

156 1414 219 1486 ξων
239 1404 399 1494 ἀρχόντων
420 1412 477 1474 uui
493 1413 548 1495 τῆς
568 1408 658 1494 ἱεροῖς
678 1408 864 1493 συγκλήτου,
885 1410 1118 1494 συντρεχούσης
1130 1409 1187 1471 καί
1198 1411 1254 1490 τῆς

154 1511 217 1571 τῶν
236 1505 464 1591 γενναιοτάτων
485 1508 648 1594 ἐξορκίτων
668 1509 898 1587 συναινέσεως,
928 1503 1178 1590 προβαλοόμεδα
1195 1499 1282 1569 οἷν-Ι)

156 1609 218 1690 δρα
239 1609 285 1682 εἰς
305 1605 365 1690 τήν
384 1607 551 1689 βασιλείαν
573 1610 628 1671 nal
647 1603 817 1689 όρθόδοξσν
839 1607 895 1670 nai
917 1605 1022 1688 ἁγνόν.
1069 1607 1194 1670 α’πέοτω
1215 1606 1252 1668 δὲ

155 1704 278 1790 φθόνος
308 1709 363 1789 τῆς
403 1711 572 1788 καλλίστης
610 1705 727 1788 ταύτης
758 1702 955 1786 συμβουλίας
981 1704 1039 1767 noi
1065 1701 1253 1778 uoltreebe.’'

114 1800 273 1886 τόταότης
293 1793 350 1868 σόν
370 1806 425 1886 τῆς
446 1797 697 1887 πριισφοινήσεανς
717 1807 795 1886 παρ’
816 1797 916 1886 αότής
935 1803 1113 1885 γενομένης,
1134 1801 1253 1883 κατήλ-

42 1891 46 1897 ’
150 1902 249 1986 θενή
273 1900 433 1984 αέγοόστα
455 1901 511 1963 καί
537 1898 566 1962 ol
595 1891 746 1984 ἄρχοντες
776 1894 976 1981 όψικεόοντες
997 1897 1112 1983 αότήν.
1154 1897 1252 1982 uulsi

150 1999 210 2082 μὲν
232 1999 392 2081 αδγοόστα
413 2000 559 2083 εἰσῆλθεν
579 2000 625 2074 εἰς
644 1994 699 2062 τόν
719 1991 949 2080 etymo-retov-
983 1996 1015 2063 oi
1035 2001 1072 2063 tt
1091 1991 1251 2081 ἄρχοντες,

149 2099 307 2162 τεθέντων
318 2102 479 2178 σκαμνίων
494 2093 556 2180 πρό
578 2100 638 2160 τοῦ
658 2097 827 2181 δέλφακος,
848 2093 1020 2179 ἐκάθισαν,
1037 2095 1094 2163 nol
1110 2092 1397 2181 ήρξαντοΜι.ι65.ι

151 2193 364 2278 βουλεόεσδαι
383 2193 536 2280 περότοό
558 2193 739 2280 ὀφείλοντος
765 2196 929 2276 γενέσθαι,
959 2197 1015 2258 καί
1033 2193 1132 2278 πολλή
1155 2192 1248 2280 φιλο-

109 2297 268 2364 σσνειιιεία
287 2293 405 2374 μιταξό
429 2288 537 2358 obruit
557 2294 709 2378 ἐκινήθη.
752 2289 770 2356 ὁ
793 2295 828 2360 δέ
855 2291 1061 2378 πραιπόσιτος
1084 2295 1252 2379 Θόρβόιισς

153 2393 369 2479 εδφαέστερον
391 2390 549 2477 ἐδήλωσεν
571 2387 692 2474 αὐτοῖς,
715 2387 764 2457 ὅτι
790 2395 916 2474 ,καλῶς
936 2403 1051 2459 ποιεῖτε
1070 2395 1112 2482 τῇ
1132 2394 1251 2477 alpad*

151 2514 211 2579 στρ
231 2494 423 2578 παρέχοντες
442 2488 499 2576 τήν
521 2490 721 2574 albemarlae,
743 2492 798 2557 ltu
819 2489 904 2576 αὐτή
924 2494 1118 2578 ἐπιλιξηται,
1149 2489 1187 2557 όν
1207 2488 1397 2571 drEdLnlS

151 2768 227 2805 nunc
235 2752 373 2823 μιαίνεται,
394 2755 424 2805 in
441 2756 551 2807 nomine
566 2754 620 2807 Dei
636 2754 752 2826 eiusque
773 2754 893 2825 benigno
910 2754 959 2805 snb
977 2752 1085 2825 secuere
1114 2751 1248 2805 illustris-

150 2824 247 2875 simum
273 2822 414 2876 lulianum
439 2822 479 2877 ad
497 2824 702 2896 praesteturam
730 2824 810 2879 Urbis
833 2841 1004 2895 promouere.
1056 2822 1247 2875 Acclamnbant

150 2910 260 2945 omnes:
287 2897 341 2948 Hic
362 2894 520 2966 {lulianus}
549 2907 590 2948 est
615 2896 742 2965 egregius
771 2899 960 2966 magistratus.
996 2895 1083 2946 Multi
1100 2895 1156 2945 sint
1176 2892 1248 2945 anni

149 2966 308 3032 Augustae,
326 2966 407 3017 multi
428 2967 486 3017 sint
508 2968 580 3017 unni
604 2967 822 3035 magistratuum.
859 2967 953 3033 uun:
984 2966 1096 3019 Vestrae
1114 2965 1249 3018 maiesta-

149 3034 187 3085 tis
207 3034 296 3103 igitur
317 3052 392 3086 nunc
413 3049 468 3097 est,
495 3034 663 3095 modestiam,
682 3036 923 3109 tranquillitatem
940 3049 967 3089 et
984 3035 1083 3089 bonum
1101 3033 1245 3097 ordinem,

149 3116 181 3154 ut
196 3120 304 3172 semper
319 3106 395 3158 alias
414 3109 565 3167 servastis,
583 3108 624 3158 ita
655 3122 731 3159 nunc
755 3112 839 3157 etiam
856 3122 976 3159 servare.
1017 3104 1157 3158 Commodi
1173 3106 1247 3159 enim

147 3174 253 3235 uestri,
273 3185 299 3224 et
316 3187 347 3226 ut
366 3177 445 3226 bonis
463 3178 587 3227 omnibus
606 3176 770 3243 afflueretie,
787 3178 895 3243 primus
913 3175 1023 3247 quidem
1034 3176 1124 3238 Deus,
1143 3174 1246 3231 deinde

145 3258 216 3297 uero
235 3244 319 3296 etiam
338 3262 391 3295 nos
409 3262 503 3297 cetram
520 3246 708 3321 eusficientem
727 3246 884 3308 babuimus3
903 3250 1051 3319 statimque
1072 3246 1246 3303 deliberatu-

147 3314 177 3366 ri
196 3330 256 3366 cum
281 3314 437 3367 illustribus
453 3318 614 3384 proceribus
640 3330 666 3370 et
691 3335 774 3370 sacro
794 3330 914 3379 senatu,
934 3330 1117 3371 concurrente
1134 3333 1245 3389 ηιισηαο

137 3384 359 3455 fortissimorum
373 3386 542 3438 exercituum
562 3386 717 3458 suffragio,
737 3388 869 3456 eligemus
884 3388 1082 3458 Imperatorem
1112 3384 1246 3441 orthodo-

147 3472 212 3507 xum
230 3468 256 3508 et
275 3473 293 3507 a
313 3458 392 3507 uitiis
407 3472 515 3525 purum.
532 3457 609 3509 Absit
629 3468 720 3509 autem
738 3455 866 3518 invidia,
885 3476 974 3529 neque
994 3458 1162 3511 interturbet
1176 3474 1244 3527 per-

147 3537 277 3577 vertatue
292 3526 498 3597 pulcherrimae
511 3527 593 3579 liuius
602 3525 813 3581 deliberationis
830 3542 857 3580 et
874 3528 987 3598 imperii
996 3530 1087 3581 nostri
1105 3530 1245 3581 instituta.

148 3594 210 3645 Post
228 3593 299 3647 hunc
312 3597 446 3666 Augustae
478 3598 672 3649 allocutionem
707 3600 810 3649 linitam
837 3598 1020 3650 descendebat
1038 3602 1113 3668 ipsa,
1133 3606 1162 3650 et
1179 3614 1245 3666 prov

151 3680 224 3717 ceres
252 3682 313 3719 cam
341 3668 543 3735 seqtsebantur3
562 3668 676 3737 ipsaque
697 3670 726 3720 in
753 3678 929 3739 augustaeum
952 3669 1092 3739 ingressa,
1117 3668 1244 3721 couside-

149 3734 218 3785 bsnt
237 3752 362 3803 proceres
382 3740 411 3788 in
429 3739 544 3800 scamnis
562 3748 625 3790 astte
641 3738 801 3806 delphacem
825 3734 933 3807 ροιίῑίο,ν
949 3734 978 3791 el
995 3740 1174 3792 ordiebantur
1191 3739 1243 3791 de-

152 3804 345 3857 liberationem
364 3808 399 3859 de
418 3808 564 3860 candidato
584 3810 703 3877 imperii.
738 3812 841 3861 Verum
861 3809 909 3862 diu
929 3809 1089 3862 rixabantur
1108 3812 1181 3862 inter
1197 3825 1243 3873 se,

148 3878 290 3957 περσεία
310 3894 470 3930 consensum
491 3882 585 3931 venire
606 3888 653 3930 aut
678 3879 826 3931 decernere
850 3878 1001 3951 quidquam
1018 3888 1154 3951 poterant.
1191 3880 1244 3928 Ur-

148 3942 239 3995 bicrus
257 3962 319 4015 crgo
339 3950 511 4018 praepositus
529 3957 696 4016 oportunum
712 3948 766 4002 hoe
778 3950 974 4019 suppeditabat
992 3952 1151 4004 consilium:
1169 3952 1243 4002 Beue

139 4012 278 4085 ficium,
297 4017 407 4077 aiebat.
435 4025 574 4090 Augustae
598 4022 787 4089 permittentes
806 4023 1002 4073 erectoritatem
1020 4020 1146 4092 optandi,
1163 4036 1243 4090 quern

147 4086 208 4155 ipsu
227 4086 357 4139 voluerit.
395 4092 518 4159 lingebat
542 4091 625 4159 igitur
643 4099 751 4141 senatus
772 4094 930 4159 episcopum
950 4091 1013 4165 [sen
1032 4087 1243 4159 patriarchaml,

150 4160 183 4207 ut
200 4158 335 4227 ingressos
354 4158 390 4209 ad
407 4160 565 4231 Augustam,
584 4161 728 4216 arbitrium
747 4162 890 4216 alcetlonis
910 4171 992 4233 atque
1010 4160 1243 4217 denominationis
