<?xml version="1.0" encoding="UTF-8"?>
<!DOCTYPE html PUBLIC "-//W3C//DTD XHTML 1.0 Transitional//EN"
    "http://www.w3.org/TR/xhtml1/DTD/xhtml1-transitional.dtd">
<html xmlns="http://www.w3.org/1999/xhtml" xml:lang="en" lang="en">
 <head>
  <title>
</title>
<meta http-equiv="Content-Type" content="text/html;charset=utf-8" />
  <meta name='ocr-system' content='tesseract 3.04.00' />
  <meta name='ocr-capabilities' content='ocr_page ocr_carea ocr_par ocr_line ocrx_word'/>
</head>
<body>
  <div class='ocr_page' id='page_1' title='image "./corpusscriptoru40niebgoog/corpusscriptoru40niebgoog_0046.png"; bbox 0 0 3042 4825; ppageno 0'>
   <div class='ocr_carea' id='block_1_1' title="bbox 173 160 1138 234">
    <p class='ocr_par' dir='ltr' id='par_1_1' title="bbox 173 160 1138 234">
     <span class='ocr_line' id='line_1_1' title="bbox 173 160 1138 234; baseline -0.001 -2"><span class='ocrx_word' id='word_1_1' title='bbox 173 212 177 223; x_wconf 85' lang='lat'><em>-</em></span> <span class='ocrx_word' id='word_1_2' title='bbox 236 170 328 234; x_wconf 86' lang='lat' dir='ltr'><strong>XLlV</strong></span> <span class='ocrx_word' id='word_1_3' title='bbox 420 160 477 233; x_wconf 89' lang='lat'><strong>10.</strong></span> <span class='ocrx_word' id='word_1_4' title='bbox 507 167 630 232; x_wconf 83' lang='lat' dir='ltr'><strong>HENR.</strong></span> <span class='ocrx_word' id='word_1_5' title='bbox 659 166 812 231; x_wconf 83' lang='lat' dir='ltr'><strong>LElCllll</strong></span> <span class='ocrx_word' id='word_1_6' title='bbox 841 163 1138 231; x_wconf 62' lang='lat' dir='ltr'><strong>communesne</strong></span> 
     </span>
    </p>
   </div>
   <div class='ocr_carea' id='block_1_2' title="bbox 115 322 1439 2547">
    <p class='ocr_par' dir='ltr' id='par_1_2' title="bbox 115 322 1439 2547">
     <span class='ocr_line' id='line_1_2' title="bbox 239 322 1439 403; baseline -0.004 -18"><span class='ocrx_word' id='word_1_7' title='bbox 239 329 315 386; x_wconf 87' lang='lat' dir='ltr'><strong>tiam</strong></span> <span class='ocrx_word' id='word_1_8' title='bbox 340 322 519 403; x_wconf 78' lang='lat' dir='ltr'><strong>defendere,</strong></span> <span class='ocrx_word' id='word_1_9' title='bbox 541 326 674 385; x_wconf 77' lang='lat' dir='ltr'><strong>lironem</strong></span> <span class='ocrx_word' id='word_1_10' title='bbox 701 322 867 387; x_wconf 80' lang='lat' dir='ltr'><strong>verborum</strong></span> <span class='ocrx_word' id='word_1_11' title='bbox 892 323 1093 402; x_wconf 77' lang='lat' dir='ltr'><strong>contumelia,</strong></span> <span class='ocrx_word' id='word_1_12' title='bbox 1123 325 1215 385; x_wconf 80' lang='lat' dir='ltr'><strong>edam</strong></span> <span class='ocrx_word' id='word_1_13' title='bbox 1239 342 1327 385; x_wconf 77' lang='lat' dir='ltr'><strong>mor·</strong></span> <span class='ocrx_word' id='word_1_14' title='bbox 1434 371 1439 380; x_wconf 92' lang='lat'><strong>.</strong></span> 
     </span>
     <span class='ocr_line' id='line_1_3' title="bbox 239 408 1328 490; baseline -0.003 -18"><span class='ocrx_word' id='word_1_15' title='bbox 239 418 349 484; x_wconf 83' lang='lat' dir='ltr'><strong>tuum,</strong></span> <span class='ocrx_word' id='word_1_16' title='bbox 368 410 506 489; x_wconf 76' lang='lat' dir='ltr'><strong>insequi,</strong></span> <span class='ocrx_word' id='word_1_17' title='bbox 527 408 603 467; x_wconf 89' lang='lat' dir='ltr'>nihil</span> <span class='ocrx_word' id='word_1_18' title='bbox 626 409 772 489; x_wconf 83' lang='lat' dir='ltr'><strong>denique,</strong></span> <span class='ocrx_word' id='word_1_19' title='bbox 803 408 887 490; x_wconf 84' lang='lat' dir='ltr'><strong>quod</strong></span> <span class='ocrx_word' id='word_1_20' title='bbox 902 408 1077 489; x_wconf 77' lang='lat' dir='ltr'><strong>‘praestanti</strong></span> <span class='ocrx_word' id='word_1_21' title='bbox 1096 423 1143 467; x_wconf 84' lang='lat' dir='ltr'><strong>ac.</strong></span> <span class='ocrx_word' id='word_1_22' title='bbox 1164 410 1328 488; x_wconf 73' lang='lat' dir='ltr'><strong>pernoscis</strong></span> 
     </span>
     <span class='ocr_line' id='line_1_4' title="bbox 239 490 1328 572; baseline -0.002 -21"><span class='ocrx_word' id='word_1_23' title='bbox 239 490 371 555; x_wconf 84' lang='lat' dir='ltr'><strong>hominis</strong></span> <span class='ocrx_word' id='word_1_24' title='bbox 389 501 443 567; x_wconf 78' lang='lat' dir='ltr'><strong>est,</strong></span> <span class='ocrx_word' id='word_1_25' title='bbox 461 491 600 551; x_wconf 86' lang='lat' dir='ltr'><strong>omittere</strong></span> <span class='ocrx_word' id='word_1_26' title='bbox 620 492 655 569; x_wconf 90' lang='lat'><strong>¹).</strong></span> <span class='ocrx_word' id='word_1_27' title='bbox 687 492 794 572; x_wconf 85' lang='lat' dir='ltr'><strong>ltaque</strong></span> <span class='ocrx_word' id='word_1_28' title='bbox 815 492 1032 553; x_wconf 78' lang='lat' dir='ltr'><strong>Constantinus</strong></span> <span class='ocrx_word' id='word_1_29' title='bbox 1056 490 1099 551; x_wconf 83' lang='lat' dir='ltr'><strong>A.</strong></span> <span class='ocrx_word' id='word_1_30' title='bbox 1115 490 1328 551; x_wconf 82' lang='lat' dir='ltr'><strong>DCCCCXX.</strong></span> 
     </span>
     <span class='ocr_line' id='line_1_5' title="bbox 239 572 1330 656; baseline 0 -23"><span class='ocrx_word' id='word_1_31' title='bbox 239 584 424 635; x_wconf 85' lang='lat' dir='ltr'><strong>conventum</strong></span> <span class='ocrx_word' id='word_1_32' title='bbox 451 574 654 635; x_wconf 87' lang='lat' dir='ltr'><strong>sacerdotibus</strong></span> <span class='ocrx_word' id='word_1_33' title='bbox 676 573 959 656; x_wconf 82' lang='lat' dir='ltr'><strong>Constantinopolin</strong></span> <span class='ocrx_word' id='word_1_34' title='bbox 978 575 1111 653; x_wconf 83' lang='lat' dir='ltr'><strong>indixit,</strong></span> <span class='ocrx_word' id='word_1_35' title='bbox 1132 584 1169 633; x_wconf 90' lang='lat' dir='ltr'><strong>ut</strong></span> <span class='ocrx_word' id='word_1_36' title='bbox 1189 572 1330 634; x_wconf 62' lang='lat' dir='ltr'><strong>eonsssle⁴</strong></span> 
     </span>
     <span class='ocr_line' id='line_1_6' title="bbox 240 654 1330 739; baseline 0 -24"><span class='ocrx_word' id='word_1_37' title='bbox 240 668 309 717; x_wconf 90' lang='lat' dir='ltr'><strong>rent</strong></span> <span class='ocrx_word' id='word_1_38' title='bbox 338 667 480 738; x_wconf 85' lang='lat' dir='ltr'><strong>paternae</strong></span> <span class='ocrx_word' id='word_1_39' title='bbox 509 658 739 734; x_wconf 84' lang='lat' dir='ltr'><strong>existimationi,</strong></span> <span class='ocrx_word' id='word_1_40' title='bbox 767 668 952 739; x_wconf 80' lang='lat' dir='ltr'><strong>quartosque</strong></span> <span class='ocrx_word' id='word_1_41' title='bbox 978 659 1101 739; x_wconf 79' lang='lat' dir='ltr'><strong>nuptias</strong></span> <span class='ocrx_word' id='word_1_42' title='bbox 1124 654 1193 738; x_wconf 79' lang='lat' dir='ltr'><strong>lege</strong></span> <span class='ocrx_word' id='word_1_43' title='bbox 1224 654 1330 715; x_wconf 85' lang='lat' dir='ltr'><strong>abole-</strong></span> 
     </span>
     <span class='ocr_line' id='line_1_7' title="bbox 240 739 1329 824; baseline -0.002 -23"><span class='ocrx_word' id='word_1_44' title='bbox 240 752 333 803; x_wconf 86' lang='lat' dir='ltr'><strong>rent:</strong></span> <span class='ocrx_word' id='word_1_45' title='bbox 359 760 412 799; x_wconf 89' lang='lat' dir='ltr'><strong>seu</strong></span> <span class='ocrx_word' id='word_1_46' title='bbox 437 740 481 799; x_wconf 87' lang='lat' dir='ltr'><strong>rei</strong></span> <span class='ocrx_word' id='word_1_47' title='bbox 507 740 704 822; x_wconf 80' lang='lat' dir='ltr'><strong>indignitate,</strong></span> <span class='ocrx_word' id='word_1_48' title='bbox 736 761 809 817; x_wconf 84' lang='lat' dir='ltr'><strong>sen,</strong></span> <span class='ocrx_word' id='word_1_49' title='bbox 839 759 900 822; x_wconf 84' lang='lat' dir='ltr'><strong>qno</strong></span> <span class='ocrx_word' id='word_1_50' title='bbox 924 744 1020 824; x_wconf 83' lang='lat' dir='ltr'><strong>magis</strong></span> <span class='ocrx_word' id='word_1_51' title='bbox 1040 739 1165 800; x_wconf 85' lang='lat' dir='ltr'><strong>inclinat</strong></span> <span class='ocrx_word' id='word_1_52' title='bbox 1185 742 1305 799; x_wconf 85' lang='lat' dir='ltr'><strong>animus</strong></span> <span class='ocrx_word' id='word_1_53' title='bbox 1317 779 1329 814; x_wconf 90' lang='lat'><strong>,</strong></span> 
     </span>
     <span class='ocr_line' id='line_1_8' title="bbox 239 819 1331 904; baseline -0.002 -21"><span class='ocrx_word' id='word_1_54' title='bbox 239 822 429 904; x_wconf 83' lang='lat' dir='ltr'><strong>patriarchae</strong></span> <span class='ocrx_word' id='word_1_55' title='bbox 451 821 567 883; x_wconf 86' lang='lat' dir='ltr'><strong>artibus</strong></span> <span class='ocrx_word' id='word_1_56' title='bbox 586 830 756 883; x_wconf 89' lang='lat' dir='ltr'><strong>commotus</strong></span> <span class='ocrx_word' id='word_1_57' title='bbox 779 824 815 901; x_wconf 78' lang='lat'><strong>²).</strong></span> <span class='ocrx_word' id='word_1_58' title='bbox 858 825 966 884; x_wconf 79' lang='lat' dir='ltr'><strong>Exstat</strong></span> <span class='ocrx_word' id='word_1_59' title='bbox 985 819 1137 899; x_wconf 87' lang='lat' dir='ltr'><strong>edietum,</strong></span> <span class='ocrx_word' id='word_1_60' title='bbox 1158 823 1331 882; x_wconf 71' lang='lat' dir='ltr'><strong>comuni-</strong></span> 
     </span>
     <span class='ocr_line' id='line_1_9' title="bbox 240 904 1333 987; baseline -0.003 -21"><span class='ocrx_word' id='word_1_61' title='bbox 240 916 288 967; x_wconf 83' lang='lat' dir='ltr'><strong>ter</strong></span> <span class='ocrx_word' id='word_1_62' title='bbox 309 908 530 987; x_wconf 86' lang='lat' dir='ltr'><strong>compositum,</strong></span> <span class='ocrx_word' id='word_1_63' title='bbox 554 907 587 965; x_wconf 92' lang='lat' dir='ltr'><strong>in</strong></span> <span class='ocrx_word' id='word_1_64' title='bbox 609 905 688 965; x_wconf 83' lang='lat' dir='ltr'><strong>hane</strong></span> <span class='ocrx_word' id='word_1_65' title='bbox 710 904 774 964; x_wconf 88' lang='lat' dir='ltr'><strong>fere</strong></span> <span class='ocrx_word' id='word_1_66' title='bbox 794 910 998 967; x_wconf 84' lang='lat' dir='ltr'><strong>sententiam:</strong></span> <span class='ocrx_word' id='word_1_67' title='bbox 1026 905 1184 965; x_wconf 76' lang='lat' dir='ltr'><strong>Christum</strong></span> <span class='ocrx_word' id='word_1_68' title='bbox 1206 904 1333 984; x_wconf 75' lang='lat' dir='ltr'><strong>generis</strong></span> 
     </span>
     <span class='ocr_line' id='line_1_10' title="bbox 243 986 1334 1070; baseline -0.003 -22"><span class='ocrx_word' id='word_1_69' title='bbox 243 988 377 1049; x_wconf 79' lang='lat' dir='ltr'><strong>bomani</strong></span> <span class='ocrx_word' id='word_1_70' title='bbox 391 1000 602 1060; x_wconf 76' lang='lat' dir='ltr'><strong>servatorem,</strong></span> <span class='ocrx_word' id='word_1_71' title='bbox 620 986 828 1049; x_wconf 81' lang='lat' dir='ltr'><strong>concordiam</strong></span> <span class='ocrx_word' id='word_1_72' title='bbox 853 1001 884 1047; x_wconf 88' lang='lat' dir='ltr'><strong>et</strong></span> <span class='ocrx_word' id='word_1_73' title='bbox 897 989 1034 1068; x_wconf 82' lang='lat' dir='ltr'><strong>quietem</strong></span> <span class='ocrx_word' id='word_1_74' title='bbox 1054 987 1217 1070; x_wconf 73' lang='lat' dir='ltr'><strong>publicam</strong></span> <span class='ocrx_word' id='word_1_75' title='bbox 1231 1005 1334 1069; x_wconf 85' lang='lat' dir='ltr'><strong>prae.</strong></span> 
     </span>
     <span class='ocr_line' id='line_1_11' title="bbox 241 1068 1334 1153; baseline -0.004 -22"><span class='ocrx_word' id='word_1_76' title='bbox 241 1072 338 1151; x_wconf 81' lang='lat' dir='ltr'><strong>ceptis</strong></span> <span class='ocrx_word' id='word_1_77' title='bbox 362 1082 392 1130; x_wconf 91' lang='lat' dir='ltr'><strong>et</strong></span> <span class='ocrx_word' id='word_1_78' title='bbox 419 1070 565 1153; x_wconf 80' lang='lat' dir='ltr'><strong>exemplo</strong></span> <span class='ocrx_word' id='word_1_79' title='bbox 594 1068 844 1147; x_wconf 74' lang='lat' dir='ltr'><strong>commendasse,</strong></span> <span class='ocrx_word' id='word_1_80' title='bbox 860 1085 932 1130; x_wconf 89' lang='lat' dir='ltr'><strong>eam</strong></span> <span class='ocrx_word' id='word_1_81' title='bbox 953 1071 1037 1129; x_wconf 83' lang='lat' dir='ltr'><strong>vitio</strong></span> <span class='ocrx_word' id='word_1_82' title='bbox 1053 1070 1239 1129; x_wconf 78' lang='lat' dir='ltr'><strong>mortalium</strong></span> <span class='ocrx_word' id='word_1_83' title='bbox 1261 1080 1334 1127; x_wconf 83' lang='lat' dir='ltr'><strong>tur·</strong></span> 
     </span>
     <span class='ocr_line' id='line_1_12' title="bbox 241 1150 1335 1233; baseline -0.007 -17"><span class='ocrx_word' id='word_1_84' title='bbox 241 1155 379 1223; x_wconf 87' lang='lat' dir='ltr'><strong>batam,</strong></span> <span class='ocrx_word' id='word_1_85' title='bbox 405 1162 565 1233; x_wconf 83' lang='lat' dir='ltr'><strong>natosque</strong></span> <span class='ocrx_word' id='word_1_86' title='bbox 586 1152 641 1212; x_wconf 84' lang='lat' dir='ltr'><strong>vel</strong></span> <span class='ocrx_word' id='word_1_87' title='bbox 665 1151 705 1213; x_wconf 85' lang='lat' dir='ltr'><strong>de</strong></span> <span class='ocrx_word' id='word_1_88' title='bbox 728 1153 936 1212; x_wconf 85' lang='lat' dir='ltr'><strong>matrimonio</strong></span> <span class='ocrx_word' id='word_1_89' title='bbox 958 1162 1048 1213; x_wconf 86' lang='lat' dir='ltr'><strong>caste</strong></span> <span class='ocrx_word' id='word_1_90' title='bbox 1066 1163 1096 1209; x_wconf 94' lang='lat' dir='ltr'><strong>et</strong></span> <span class='ocrx_word' id='word_1_91' title='bbox 1125 1151 1264 1230; x_wconf 74' lang='lat' dir='ltr'><strong>legitime</strong></span> <span class='ocrx_word' id='word_1_92' title='bbox 1279 1150 1335 1208; x_wconf 84' lang='lat' dir='ltr'><strong>in·</strong></span> 
     </span>
     <span class='ocr_line' id='line_1_13' title="bbox 241 1234 1335 1316; baseline -0.005 -19"><span class='ocrx_word' id='word_1_93' title='bbox 241 1234 346 1297; x_wconf 67' lang='lat' dir='ltr'><strong>modo</strong></span> <span class='ocrx_word' id='word_1_94' title='bbox 363 1252 455 1295; x_wconf 82' lang='lat' dir='ltr'><strong>acres</strong></span> <span class='ocrx_word' id='word_1_95' title='bbox 473 1254 650 1316; x_wconf 76' lang='lat' dir='ltr'><strong>gravesque</strong></span> <span class='ocrx_word' id='word_1_96' title='bbox 668 1236 894 1295; x_wconf 87' lang='lat' dir='ltr'><strong>contentiones.</strong></span> <span class='ocrx_word' id='word_1_97' title='bbox 937 1234 1029 1316; x_wconf 80' lang='lat' dir='ltr'><strong>Quas</strong></span> <span class='ocrx_word' id='word_1_98' title='bbox 1044 1243 1080 1293; x_wconf 84' lang='lat' dir='ltr'><strong>ut</strong></span> <span class='ocrx_word' id='word_1_99' title='bbox 1097 1242 1335 1313; x_wconf 80' lang='lat' dir='ltr'><strong>componerent,</strong></span> 
     </span>
     <span class='ocr_line' id='line_1_14' title="bbox 238 1315 1337 1399; baseline -0.005 -22"><span class='ocrx_word' id='word_1_100' title='bbox 238 1335 411 1399; x_wconf 80' lang='lat' dir='ltr'><strong>pacemque</strong></span> <span class='ocrx_word' id='word_1_101' title='bbox 441 1335 536 1378; x_wconf 88' lang='lat' dir='ltr'><strong>sacro</strong></span> <span class='ocrx_word' id='word_1_102' title='bbox 566 1317 671 1377; x_wconf 88' lang='lat' dir='ltr'><strong>coetui</strong></span> <span class='ocrx_word' id='word_1_103' title='bbox 703 1315 906 1389; x_wconf 77' lang='lat' dir='ltr'><strong>redderent,</strong></span> <span class='ocrx_word' id='word_1_104' title='bbox 936 1329 1079 1377; x_wconf 85' lang='lat' dir='ltr'><strong>statuere</strong></span> <span class='ocrx_word' id='word_1_105' title='bbox 1108 1334 1165 1386; x_wconf 85' lang='lat' dir='ltr'><strong>se,</strong></span> <span class='ocrx_word' id='word_1_106' title='bbox 1197 1322 1337 1396; x_wconf 77' lang='lat' dir='ltr'><strong>quartas</strong></span> 
     </span>
     <span class='ocr_line' id='line_1_15' title="bbox 241 1392 1334 1482; baseline -0.005 -24"><span class='ocrx_word' id='word_1_107' title='bbox 241 1419 284 1458; x_wconf 84' lang='lat' dir='ltr'><strong>nu</strong></span> <span class='ocrx_word' id='word_1_108' title='bbox 308 1398 373 1457; x_wconf 87' lang='lat' dir='ltr'><strong>tias</strong></span> <span class='ocrx_word' id='word_1_109' title='bbox 402 1400 532 1459; x_wconf 88' lang='lat' dir='ltr'><strong>omnino</strong></span> <span class='ocrx_word' id='word_1_110' title='bbox 555 1396 775 1482; x_wconf 75' lang='lat' dir='ltr'><strong>prohibendae</strong></span> <span class='ocrx_word' id='word_1_111' title='bbox 784 1442 799 1471; x_wconf 84' lang='lat'><em>‚</em></span> <span class='ocrx_word' id='word_1_112' title='bbox 831 1400 944 1459; x_wconf 86' lang='lat' dir='ltr'><strong>tertias</strong></span> <span class='ocrx_word' id='word_1_113' title='bbox 961 1398 1064 1459; x_wconf 79' lang='lat' dir='ltr'><strong>eertis</strong></span> <span class='ocrx_word' id='word_1_114' title='bbox 1096 1392 1334 1457; x_wconf 81' lang='lat' dir='ltr'><strong>conditionibus</strong></span> 
     </span>
     <span class='ocr_line' id='line_1_16' title="bbox 241 1474 1333 1561; baseline -0.005 -21"><span class='ocrx_word' id='word_1_115' title='bbox 241 1501 275 1540; x_wconf 88' lang='lat' dir='ltr'><strong>ce</strong></span> <span class='ocrx_word' id='word_1_116' title='bbox 290 1478 453 1543; x_wconf 73' lang='lat' dir='ltr'><strong>curandas</strong></span> <span class='ocrx_word' id='word_1_117' title='bbox 477 1501 553 1543; x_wconf 87' lang='lat' dir='ltr'><strong>esse.</strong></span> <span class='ocrx_word' id='word_1_118' title='bbox 595 1480 649 1541; x_wconf 79' lang='lat' dir='ltr'><strong>Ad</strong></span> <span class='ocrx_word' id='word_1_119' title='bbox 670 1500 791 1541; x_wconf 82' lang='lat' dir='ltr'><strong>annum</strong></span> <span class='ocrx_word' id='word_1_120' title='bbox 812 1482 935 1542; x_wconf 87' lang='lat' dir='ltr'><strong>scilieet</strong></span> <span class='ocrx_word' id='word_1_121' title='bbox 960 1480 1080 1541; x_wconf 87' lang='lat' dir='ltr'><strong>aetatis</strong></span> <span class='ocrx_word' id='word_1_122' title='bbox 1115 1474 1333 1561; x_wconf 74' lang='lat' dir='ltr'><strong>quadragesi·</strong></span> 
     </span>
     <span class='ocr_line' id='line_1_17' title="bbox 241 1558 1332 1645; baseline -0.004 -24"><span class='ocrx_word' id='word_1_123' title='bbox 241 1582 326 1623; x_wconf 88' lang='lat' dir='ltr'><strong>mum</strong></span> <span class='ocrx_word' id='word_1_124' title='bbox 343 1561 509 1644; x_wconf 80' lang='lat' dir='ltr'><strong>provectis</strong></span> <span class='ocrx_word' id='word_1_125' title='bbox 529 1563 671 1625; x_wconf 84' lang='lat' dir='ltr'><strong>nondum</strong></span> <span class='ocrx_word' id='word_1_126' title='bbox 696 1574 846 1644; x_wconf 86' lang='lat' dir='ltr'><strong>suscepta</strong></span> <span class='ocrx_word' id='word_1_127' title='bbox 877 1562 986 1623; x_wconf 81' lang='lat' dir='ltr'><strong>sobole</strong></span> <span class='ocrx_word' id='word_1_128' title='bbox 1008 1561 1174 1645; x_wconf 80' lang='lat' dir='ltr'><strong>permitti,</strong></span> <span class='ocrx_word' id='word_1_129' title='bbox 1195 1558 1332 1638; x_wconf 85' lang='lat' dir='ltr'><strong>ceteris,</strong></span> 
     </span>
     <span class='ocr_line' id='line_1_18' title="bbox 242 1640 1335 1727; baseline -0.005 -22"><span class='ocrx_word' id='word_1_130' title='bbox 242 1645 299 1726; x_wconf 76' lang='lat' dir='ltr'><strong>qui</strong></span> <span class='ocrx_word' id='word_1_131' title='bbox 323 1644 389 1705; x_wconf 88' lang='lat' dir='ltr'><strong>iam</strong></span> <span class='ocrx_word' id='word_1_132' title='bbox 412 1656 563 1727; x_wconf 85' lang='lat' dir='ltr'><strong>parentes</strong></span> <span class='ocrx_word' id='word_1_133' title='bbox 588 1644 680 1727; x_wconf 78' lang='lat' dir='ltr'><strong>facti</strong></span> <span class='ocrx_word' id='word_1_134' title='bbox 705 1656 831 1715; x_wconf 85' lang='lat' dir='ltr'><strong>essent,</strong></span> <span class='ocrx_word' id='word_1_135' title='bbox 860 1665 924 1707; x_wconf 85' lang='lat' dir='ltr'><strong>non</strong></span> <span class='ocrx_word' id='word_1_136' title='bbox 951 1644 1060 1709; x_wconf 83' lang='lat' dir='ltr'><strong>licere.</strong></span> <span class='ocrx_word' id='word_1_137' title='bbox 1102 1640 1253 1721; x_wconf 80' lang='lat' dir='ltr'><strong>Triginta</strong></span> <span class='ocrx_word' id='word_1_138' title='bbox 1270 1659 1335 1701; x_wconf 86' lang='lat' dir='ltr'><strong>an-</strong></span> 
     </span>
     <span class='ocr_line' id='line_1_19' title="bbox 240 1721 1334 1805; baseline -0.007 -16"><span class='ocrx_word' id='word_1_139' title='bbox 240 1747 297 1789; x_wconf 84' lang='lat' dir='ltr'><strong>nos</strong></span> <span class='ocrx_word' id='word_1_140' title='bbox 320 1725 427 1803; x_wconf 80' lang='lat' dir='ltr'><strong>natis,</strong></span> <span class='ocrx_word' id='word_1_141' title='bbox 457 1746 560 1789; x_wconf 82' lang='lat' dir='ltr'><strong>uxore</strong></span> <span class='ocrx_word' id='word_1_142' title='bbox 588 1727 698 1787; x_wconf 85' lang='lat' dir='ltr'><strong>altera</strong></span> <span class='ocrx_word' id='word_1_143' title='bbox 721 1725 789 1785; x_wconf 89' lang='lat' dir='ltr'><strong>sine</strong></span> <span class='ocrx_word' id='word_1_144' title='bbox 808 1726 918 1789; x_wconf 86' lang='lat' dir='ltr'><strong>liberis</strong></span> <span class='ocrx_word' id='word_1_145' title='bbox 941 1726 1126 1803; x_wconf 73' lang='lat' dir='ltr'><strong>exstincta,</strong></span> <span class='ocrx_word' id='word_1_146' title='bbox 1157 1721 1334 1805; x_wconf 80' lang='lat' dir='ltr'><strong>quadrien·</strong></span> 
     </span>
     <span class='ocr_line' id='line_1_20' title="bbox 115 1805 1338 1890; baseline 0 -23"><span class='ocrx_word' id='word_1_147' title='bbox 115 1808 336 1869; x_wconf 78' lang='lat' dir='ltr'><strong>L.xvlllnium</strong></span> <span class='ocrx_word' id='word_1_148' title='bbox 358 1828 381 1869; x_wconf 89' lang='lat' dir='ltr'><strong>a</strong></span> <span class='ocrx_word' id='word_1_149' title='bbox 402 1828 502 1869; x_wconf 88' lang='lat' dir='ltr'><strong>saera</strong></span> <span class='ocrx_word' id='word_1_150' title='bbox 530 1828 631 1869; x_wconf 87' lang='lat' dir='ltr'><strong>coena</strong></span> <span class='ocrx_word' id='word_1_151' title='bbox 651 1806 897 1885; x_wconf 80' lang='lat' dir='ltr'><strong>abstinendum,</strong></span> <span class='ocrx_word' id='word_1_152' title='bbox 920 1819 954 1868; x_wconf 91' lang='lat' dir='ltr'><strong>ut</strong></span> <span class='ocrx_word' id='word_1_153' title='bbox 982 1805 1121 1890; x_wconf 66' lang='lat' dir='ltr'><strong>«effusam</strong></span> <span class='ocrx_word' id='word_1_154' title='bbox 1145 1805 1180 1866; x_wconf 88' lang='lat' dir='ltr'><strong>in</strong></span> <span class='ocrx_word' id='word_1_155' title='bbox 1206 1815 1338 1867; x_wconf 83' lang='lat' dir='ltr'><strong>tantam</strong></span> 
     </span>
     <span class='ocr_line' id='line_1_21' title="bbox 241 1886 1337 1987; baseline -0.001 -36"><span class='ocrx_word' id='word_1_156' title='bbox 241 1893 524 1987; x_wconf 82' lang='lat' dir='ltr'><strong>intemperantiam</strong></span> <span class='ocrx_word' id='word_1_157' title='bbox 557 1888 725 1953; x_wconf 78' lang='lat' dir='ltr'><strong>libidinem</strong></span> <span class='ocrx_word' id='word_1_158' title='bbox 757 1890 952 1973; x_wconf 80' lang='lat' dir='ltr'><strong>expiarent:</strong></span> <span class='ocrx_word' id='word_1_159' title='bbox 973 1892 1003 1949; x_wconf 87' lang='lat' dir='ltr'><strong>si</strong></span> <span class='ocrx_word' id='word_1_160' title='bbox 1034 1891 1106 1971; x_wconf 77' lang='lat' dir='ltr'><strong>quis</strong></span> <span class='ocrx_word' id='word_1_161' title='bbox 1130 1886 1337 1950; x_wconf 82' lang='lat' dir='ltr'><strong>sacerdotum</strong></span> 
     </span>
     <span class='ocr_line' id='line_1_22' title="bbox 244 1970 1339 2055; baseline -0.007 -18"><span class='ocrx_word' id='word_1_162' title='bbox 244 1971 438 2043; x_wconf 82' lang='lat' dir='ltr'><strong>adrnsserit,</strong></span> <span class='ocrx_word' id='word_1_163' title='bbox 464 1992 592 2033; x_wconf 85' lang='lat' dir='ltr'><strong>munere</strong></span> <span class='ocrx_word' id='word_1_164' title='bbox 616 1970 827 2055; x_wconf 83' lang='lat' dir='ltr'><strong>privandum.</strong></span> <span class='ocrx_word' id='word_1_165' title='bbox 870 1970 1038 2044; x_wconf 78' lang='lat' dir='ltr'><strong>Ceterum,</strong></span> <span class='ocrx_word' id='word_1_166' title='bbox 1087 1972 1123 2031; x_wconf 87' lang='lat' dir='ltr'><strong>ui</strong></span> <span class='ocrx_word' id='word_1_167' title='bbox 1148 1970 1199 2031; x_wconf 82' lang='lat' dir='ltr'><strong>ad</strong></span> <span class='ocrx_word' id='word_1_168' title='bbox 1219 1971 1339 2030; x_wconf 84' lang='lat' dir='ltr'><strong>matri·</strong></span> 
     </span>
     <span class='ocr_line' id='line_1_23' title="bbox 244 1992 1339 2191; baseline -0.003 -75"><span class='ocrx_word' id='word_1_169' title='bbox 244 2054 384 2116; x_wconf 74' lang='lat' dir='ltr'><strong>monimus</strong></span> <span class='ocrx_word' id='word_1_170' title='bbox 410 2056 630 2133; x_wconf 71' lang='lat' dir='ltr'><strong>cogitationes</strong></span> <span class='ocrx_word' id='word_1_171' title='bbox 656 2064 905 2125; x_wconf 73' lang='lat' dir='ltr'><strong>converterent,</strong></span> <span class='ocrx_word' id='word_1_172' title='bbox 933 2074 973 2111; x_wconf 89' lang='lat' dir='ltr'><strong>ne</strong></span> <span class='ocrx_word' id='word_1_173' title='bbox 1002 1992 1086 2191; x_wconf 65' lang='lat' dir='ltr'><strong>‹ppiri</strong></span> <span class='ocrx_word' id='word_1_174' title='bbox 1100 2050 1273 2139; x_wconf 65' lang='lat' dir='ltr'><strong>flagitiose</strong></span> <span class='ocrx_word' id='word_1_175' title='bbox 1306 2062 1339 2113; x_wconf 85' lang='lat' dir='ltr'><strong>et</strong></span> 
     </span>
     <span class='ocr_line' id='line_1_24' title="bbox 245 2132 1342 2219; baseline -0.005 -22"><span class='ocrx_word' id='word_1_176' title='bbox 245 2141 368 2219; x_wconf 82' lang='lat' dir='ltr'><strong>impure</strong></span> <span class='ocrx_word' id='word_1_177' title='bbox 386 2138 671 2205; x_wconf 78' lang='lat' dir='ltr'><strong>committeretur,</strong></span> <span class='ocrx_word' id='word_1_178' title='bbox 702 2151 820 2195; x_wconf 85' lang='lat' dir='ltr'><strong>curare</strong></span> <span class='ocrx_word' id='word_1_179' title='bbox 843 2134 967 2196; x_wconf 86' lang='lat' dir='ltr'><strong>debere.</strong></span> <span class='ocrx_word' id='word_1_180' title='bbox 1042 2152 1094 2191; x_wconf 89' lang='lat' dir='ltr'><strong>aec</strong></span> <span class='ocrx_word' id='word_1_181' title='bbox 1114 2133 1194 2192; x_wconf 84' lang='lat' dir='ltr'><strong>latae</strong></span> <span class='ocrx_word' id='word_1_182' title='bbox 1211 2144 1280 2192; x_wconf 89' lang='lat' dir='ltr'><strong>tum</strong></span> <span class='ocrx_word' id='word_1_183' title='bbox 1294 2132 1342 2193; x_wconf 87' lang='lat' dir='ltr'><strong>le-</strong></span> 
     </span>
     <span class='ocr_line' id='line_1_25' title="bbox 245 2214 1339 2301; baseline -0.003 -24"><span class='ocrx_word' id='word_1_184' title='bbox 245 2222 291 2301; x_wconf 81' lang='lat' dir='ltr'><strong>gis</strong></span> <span class='ocrx_word' id='word_1_185' title='bbox 320 2219 467 2278; x_wconf 86' lang='lat' dir='ltr'><strong>sententia</strong></span> <span class='ocrx_word' id='word_1_186' title='bbox 499 2215 576 2291; x_wconf 81' lang='lat' dir='ltr'><strong>tuit,</strong></span> <span class='ocrx_word' id='word_1_187' title='bbox 604 2234 724 2295; x_wconf 86' lang='lat' dir='ltr'><strong>quam,</strong></span> <span class='ocrx_word' id='word_1_188' title='bbox 757 2224 793 2273; x_wconf 93' lang='lat' dir='ltr'><strong>ut</strong></span> <span class='ocrx_word' id='word_1_189' title='bbox 818 2224 885 2273; x_wconf 86' lang='lat' dir='ltr'><strong>rata</strong></span> <span class='ocrx_word' id='word_1_190' title='bbox 908 2214 1055 2294; x_wconf 86' lang='lat' dir='ltr'><strong>linnaque</strong></span> <span class='ocrx_word' id='word_1_191' title='bbox 1073 2224 1170 2293; x_wconf 89' lang='lat' dir='ltr'><strong>esset,</strong></span> <span class='ocrx_word' id='word_1_192' title='bbox 1202 2218 1236 2276; x_wconf 91' lang='lat' dir='ltr'><strong>in</strong></span> <span class='ocrx_word' id='word_1_193' title='bbox 1263 2235 1339 2274; x_wconf 89' lang='lat' dir='ltr'><strong>oon-</strong></span> 
     </span>
     <span class='ocr_line' id='line_1_26' title="bbox 242 2294 1338 2381; baseline -0.001 -21"><span class='ocrx_word' id='word_1_194' title='bbox 242 2304 330 2361; x_wconf 88' lang='lat' dir='ltr'><strong>cione</strong></span> <span class='ocrx_word' id='word_1_195' title='bbox 350 2296 455 2381; x_wconf 92' lang='lat' dir='ltr'><strong>populi</strong></span> <span class='ocrx_word' id='word_1_196' title='bbox 475 2298 636 2379; x_wconf 87' lang='lat' dir='ltr'><strong>quotannis</strong></span> <span class='ocrx_word' id='word_1_197' title='bbox 662 2298 819 2355; x_wconf 81' lang='lat' dir='ltr'><strong>recitatam</strong></span> <span class='ocrx_word' id='word_1_198' title='bbox 842 2294 879 2373; x_wconf 75' lang='lat'><strong>⁸),</strong></span> <span class='ocrx_word' id='word_1_199' title='bbox 897 2316 1027 2379; x_wconf 90' lang='lat' dir='ltr'><strong>eumque</strong></span> <span class='ocrx_word' id='word_1_200' title='bbox 1047 2317 1165 2375; x_wconf 78' lang='lat' dir='ltr'><strong>moreni</strong></span> <span class='ocrx_word' id='word_1_201' title='bbox 1186 2318 1205 2357; x_wconf 88' lang='lat' dir='ltr'><strong>a</strong></span> <span class='ocrx_word' id='word_1_202' title='bbox 1225 2298 1338 2359; x_wconf 87' lang='lat' dir='ltr'><strong>Basilio</strong></span> 
     </span>
     <span class='ocr_line' id='line_1_27' title="bbox 242 2378 1340 2461; baseline -0.003 -16"><span class='ocrx_word' id='word_1_203' title='bbox 242 2392 274 2446; x_wconf 89' lang='lat' dir='ltr'><strong>et</strong></span> <span class='ocrx_word' id='word_1_204' title='bbox 297 2380 521 2458; x_wconf 89' lang='lat' dir='ltr'><strong>Constantino,</strong></span> <span class='ocrx_word' id='word_1_205' title='bbox 543 2378 741 2454; x_wconf 89' lang='lat' dir='ltr'><strong>Caesaribus,</strong></span> <span class='ocrx_word' id='word_1_206' title='bbox 766 2378 955 2440; x_wconf 86' lang='lat' dir='ltr'><strong>Constantini</strong></span> <span class='ocrx_word' id='word_1_207' title='bbox 979 2380 1156 2461; x_wconf 88' lang='lat' dir='ltr'><strong>nepotibus,</strong></span> <span class='ocrx_word' id='word_1_208' title='bbox 1184 2393 1340 2442; x_wconf 87' lang='lat' dir='ltr'><strong>servatum</strong></span> 
     </span>
     <span class='ocr_line' id='line_1_28' title="bbox 240 2459 1338 2547; baseline -0.002 -20"><span class='ocrx_word' id='word_1_209' title='bbox 240 2487 306 2538; x_wconf 82' lang='lat' dir='ltr'><strong>esse</strong></span> <span class='ocrx_word' id='word_1_210' title='bbox 326 2465 371 2546; x_wconf 73' lang='lat'><strong>⁴),</strong></span> <span class='ocrx_word' id='word_1_211' title='bbox 401 2466 516 2546; x_wconf 84' lang='lat' dir='ltr'><strong>accepi.</strong></span> <span class='ocrx_word' id='word_1_212' title='bbox 569 2463 619 2526; x_wconf 81' lang='lat' dir='ltr'><strong>sic</strong></span> <span class='ocrx_word' id='word_1_213' title='bbox 648 2459 770 2547; x_wconf 87' lang='lat' dir='ltr'><strong>publica</strong></span> <span class='ocrx_word' id='word_1_214' title='bbox 800 2462 1004 2546; x_wconf 56' lang='lat' dir='ltr'><strong>amantius</strong></span> <span class='ocrx_word' id='word_1_215' title='bbox 1025 2463 1150 2526; x_wconf 77' lang='lat' dir='ltr'><strong>tandnn</strong></span> <span class='ocrx_word' id='word_1_216' title='bbox 1178 2466 1338 2542; x_wconf 85' lang='lat' dir='ltr'><strong>restituta,</strong></span> 
     </span>
    </p>
   </div>
   <div class='ocr_carea' id='block_1_3' title="bbox 231 2599 1447 4099">
    <p class='ocr_par' dir='ltr' id='par_1_3' title="bbox 266 2599 1341 2974">
     <span class='ocr_line' id='line_1_29' title="bbox 266 2599 1340 2694; baseline -0.003 -18"><span class='ocrx_word' id='word_1_217' title='bbox 266 2622 293 2694; x_wconf 81' lang='grc' dir='ltr'><strong>ι)</strong></span> <span class='ocrx_word' id='word_1_218' title='bbox 311 2623 427 2678; x_wconf 68' lang='lat' dir='ltr'><strong>roseis</strong></span> <span class='ocrx_word' id='word_1_219' title='bbox 440 2621 626 2676; x_wconf 69' lang='lat' dir='ltr'><strong>remonon.</strong></span> <span class='ocrx_word' id='word_1_220' title='bbox 680 2619 816 2686; x_wconf 67' lang='lat' dir='ltr'><strong>sirius.</strong></span> <span class='ocrx_word' id='word_1_221' title='bbox 825 2620 1092 2682; x_wconf 61' lang='lat' dir='ltr'><strong>nranimento.</strong></span> <span class='ocrx_word' id='word_1_222' title='bbox 1112 2599 1340 2674; x_wconf 62' lang='lat' dir='ltr'><strong>siccatorias</strong></span> 
     </span>
     <span class='ocr_line' id='line_1_30' title="bbox 310 2688 1341 2765; baseline -0.004 -19"><span class='ocrx_word' id='word_1_223' title='bbox 310 2693 513 2765; x_wconf 79' lang='lat' dir='ltr'><strong>plisncostin.</strong></span> <span class='ocrx_word' id='word_1_224' title='bbox 523 2709 574 2763; x_wconf 67' lang='grc' dir='ltr'><em>Μ</em></span> <span class='ocrx_word' id='word_1_225' title='bbox 616 2727 626 2746; x_wconf 88' lang='grc'><strong>.</strong></span> <span class='ocrx_word' id='word_1_226' title='bbox 640 2689 676 2744; x_wconf 85' lang='lat' dir='ltr'><strong>‘H</strong></span> <span class='ocrx_word' id='word_1_227' title='bbox 688 2696 737 2756; x_wconf 66' lang='lat' dir='ltr'><strong>site</strong></span> <span class='ocrx_word' id='word_1_228' title='bbox 749 2693 898 2758; x_wconf 66' lang='grc' dir='ltr'><strong>ἐκκλησίας</strong></span> <span class='ocrx_word' id='word_1_229' title='bbox 914 2688 993 2761; x_wconf 76' lang='grc' dir='ltr'><strong>παρὰ</strong></span> <span class='ocrx_word' id='word_1_230' title='bbox 1011 2693 1162 2764; x_wconf 70' lang='lat' dir='ltr'><strong>‘reposce</strong></span> <span class='ocrx_word' id='word_1_231' title='bbox 1173 2693 1296 2761; x_wconf 70' lang='grc' dir='ltr'><strong>γέγονεν</strong></span> <span class='ocrx_word' id='word_1_232' title='bbox 1310 2689 1341 2742; x_wconf 77' lang='grc' dir='ltr'><strong>ἔ-</strong></span> 
     </span>
     <span class='ocr_line' id='line_1_31' title="bbox 311 2762 1340 2833; baseline -0.006 -15"><span class='ocrx_word' id='word_1_233' title='bbox 311 2775 409 2824; x_wconf 73' lang='lat' dir='ltr'><strong>unnis,</strong></span> <span class='ocrx_word' id='word_1_234' title='bbox 428 2762 566 2816; x_wconf 73' lang='lat' dir='ltr'><strong>tuemur</strong></span> <span class='ocrx_word' id='word_1_235' title='bbox 598 2764 749 2816; x_wconf 73' lang='grc' dir='ltr'><strong><em>νωθέντων</em></strong></span> <span class='ocrx_word' id='word_1_236' title='bbox 765 2764 985 2833; x_wconf 73' lang='grc' dir='ltr'><strong>μητροπολιτῶν</strong></span> <span class='ocrx_word' id='word_1_237' title='bbox 1002 2777 1032 2815; x_wconf 83' lang='grc' dir='ltr'><strong>τε</strong></span> <span class='ocrx_word' id='word_1_238' title='bbox 1050 2766 1100 2813; x_wconf 80' lang='lat' dir='ltr'><strong>scot</strong></span> <span class='ocrx_word' id='word_1_239' title='bbox 1115 2763 1270 2829; x_wconf 57' lang='lat' dir='ltr'><strong>stiones,</strong></span> <span class='ocrx_word' id='word_1_240' title='bbox 1281 2762 1340 2813; x_wconf 73' lang='lat' dir='ltr'><strong>sor</strong></span> 
     </span>
     <span class='ocr_line' id='line_1_32' title="bbox 312 2823 1340 2904; baseline -0.001 -20"><span class='ocrx_word' id='word_1_241' title='bbox 312 2823 527 2886; x_wconf 73' lang='lat' dir='ltr'><strong>dnitdssotdou</strong></span> <span class='ocrx_word' id='word_1_242' title='bbox 543 2837 595 2886; x_wconf 78' lang='lat' dir='ltr'><strong>sod</strong></span> <span class='ocrx_word' id='word_1_243' title='bbox 607 2833 788 2903; x_wconf 77' lang='grc' dir='ltr'><em>πατριάρχου</em></span> <span class='ocrx_word' id='word_1_244' title='bbox 802 2840 847 2885; x_wconf 71' lang='grc' dir='ltr'><strong>καὶ</strong></span> <span class='ocrx_word' id='word_1_245' title='bbox 860 2832 1016 2904; x_wconf 69' lang='lat' dir='ltr'><strong>Eitepton</strong></span> <span class='ocrx_word' id='word_1_246' title='bbox 1028 2830 1247 2901; x_wconf 69' lang='grc' dir='ltr'><strong><em>διεσχισμένων.</em></strong></span> <span class='ocrx_word' id='word_1_247' title='bbox 1266 2831 1340 2883; x_wconf 82' lang='lat' dir='ltr'><strong>Scri-</strong></span> 
     </span>
     <span class='ocr_line' id='line_1_33' title="bbox 312 2902 1338 2974; baseline -0.005 -18"><span class='ocrx_word' id='word_1_248' title='bbox 312 2903 720 2974; x_wconf 84' lang='lat' dir='ltr'><strong>pserstNieolausodloaunem</strong></span> <span class='ocrx_word' id='word_1_249' title='bbox 731 2904 899 2966; x_wconf 82' lang='lat' dir='ltr'><strong>Pontificem,</strong></span> <span class='ocrx_word' id='word_1_250' title='bbox 906 2907 1031 2958; x_wconf 83' lang='lat' dir='ltr'><strong>mitteret</strong></span> <span class='ocrx_word' id='word_1_251' title='bbox 1038 2903 1153 2972; x_wconf 72' lang='lat' dir='ltr'><strong>legatos,</strong></span> <span class='ocrx_word' id='word_1_252' title='bbox 1164 2902 1213 2972; x_wconf 83' lang='lat' dir='ltr'><strong>qui</strong></span> <span class='ocrx_word' id='word_1_253' title='bbox 1225 2903 1338 2969; x_wconf 77' lang='lat' dir='ltr'><strong>nuptias</strong></span> 
     </span>
    </p>

    <p class='ocr_par' dir='ltr' id='par_1_4' title="bbox 314 2969 1340 3252">
     <span class='ocr_line' id='line_1_34' title="bbox 335 2969 1339 3044; baseline -0.002 -21"><span class='ocrx_word' id='word_1_254' title='bbox 335 2973 599 3044; x_wconf 64' lang='lat' dir='ltr'><strong>transsitteginmsa</strong></span> <span class='ocrx_word' id='word_1_255' title='bbox 614 2987 665 3025; x_wconf 88' lang='lat' dir='ltr'><strong>nec</strong></span> <span class='ocrx_word' id='word_1_256' title='bbox 677 2973 913 3044; x_wconf 84' lang='lat' dir='ltr'><strong>Leonisexenplo</strong></span> <span class='ocrx_word' id='word_1_257' title='bbox 926 2975 1097 3026; x_wconf 77' lang='lat' dir='ltr'><strong>confirmatts</strong></span> <span class='ocrx_word' id='word_1_258' title='bbox 1108 2988 1175 3034; x_wconf 90' lang='lat' dir='ltr'><strong>esse,</strong></span> <span class='ocrx_word' id='word_1_259' title='bbox 1189 2969 1339 3030; x_wconf 82' lang='lat' dir='ltr'><strong>edicerent,</strong></span> 
     </span>
     <span class='ocr_line' id='line_1_35' title="bbox 345 3043 1340 3112; baseline -0.003 -16"><span class='ocrx_word' id='word_1_260' title='bbox 345 3060 443 3096; x_wconf 86' lang='lat' dir='ltr'><strong>uorum</strong></span> <span class='ocrx_word' id='word_1_261' title='bbox 461 3045 527 3096; x_wconf 87' lang='lat' dir='ltr'><strong>licet</strong></span> <span class='ocrx_word' id='word_1_262' title='bbox 543 3043 621 3096; x_wconf 85' lang='lat' dir='ltr'><strong>nulla</strong></span> <span class='ocrx_word' id='word_1_263' title='bbox 638 3059 689 3094; x_wconf 88' lang='lat' dir='ltr'><strong>nec</strong></span> <span class='ocrx_word' id='word_1_264' title='bbox 707 3043 782 3110; x_wconf 86' lang='lat' dir='ltr'><strong>spnd</strong></span> <span class='ocrx_word' id='word_1_265' title='bbox 799 3053 909 3096; x_wconf 84' lang='lat' dir='ltr'><strong>sutores</strong></span> <span class='ocrx_word' id='word_1_266' title='bbox 926 3044 1134 3112; x_wconf 79' lang='lat' dir='ltr'><strong>Byssntinsruns</strong></span> <span class='ocrx_word' id='word_1_267' title='bbox 1156 3057 1264 3104; x_wconf 81' lang='lat' dir='ltr'><strong>rerum,</strong></span> <span class='ocrx_word' id='word_1_268' title='bbox 1287 3058 1340 3093; x_wconf 91' lang='lat' dir='ltr'><strong>nec</strong></span> 
     </span>
     <span class='ocr_line' id='line_1_36' title="bbox 314 3109 1339 3182; baseline -0.003 -18"><span class='ocrx_word' id='word_1_269' title='bbox 314 3114 345 3165; x_wconf 92' lang='lat' dir='ltr'><strong>in</strong></span> <span class='ocrx_word' id='word_1_270' title='bbox 365 3115 451 3166; x_wconf 84' lang='lat' dir='ltr'><strong>Torno</strong></span> <span class='ocrx_word' id='word_1_271' title='bbox 471 3115 585 3166; x_wconf 86' lang='lat' dir='ltr'><strong>Unionis</strong></span> <span class='ocrx_word' id='word_1_272' title='bbox 610 3115 714 3164; x_wconf 83' lang='lat' dir='ltr'><strong>mentio</strong></span> <span class='ocrx_word' id='word_1_273' title='bbox 735 3115 799 3177; x_wconf 83' lang='lat' dir='ltr'><strong>liat,</strong></span> <span class='ocrx_word' id='word_1_274' title='bbox 826 3123 931 3166; x_wconf 77' lang='lat' dir='ltr'><strong>cenum</strong></span> <span class='ocrx_word' id='word_1_275' title='bbox 957 3119 1049 3165; x_wconf 82' lang='lat' dir='ltr'><strong>tossen</strong></span> <span class='ocrx_word' id='word_1_276' title='bbox 1074 3119 1131 3175; x_wconf 89' lang='lat' dir='ltr'><strong>est,</strong></span> <span class='ocrx_word' id='word_1_277' title='bbox 1159 3109 1339 3182; x_wconf 68' lang='lat' dir='ltr'><strong>&#39;theophyla-</strong></span> 
     </span>
     <span class='ocr_line' id='line_1_37' title="bbox 316 3182 1340 3252; baseline -0.002 -16"><span class='ocrx_word' id='word_1_278' title='bbox 316 3192 389 3236; x_wconf 86' lang='lat' dir='ltr'><strong>ctum</strong></span> <span class='ocrx_word' id='word_1_279' title='bbox 407 3192 437 3236; x_wconf 83' lang='lat' dir='ltr'><strong>et</strong></span> <span class='ocrx_word' id='word_1_280' title='bbox 455 3182 552 3235; x_wconf 81' lang='lat' dir='ltr'><strong>Carum</strong></span> <span class='ocrx_word' id='word_1_281' title='bbox 572 3184 711 3252; x_wconf 86' lang='lat' dir='ltr'><strong>pontilicis</strong></span> <span class='ocrx_word' id='word_1_282' title='bbox 731 3187 845 3238; x_wconf 86' lang='lat' dir='ltr'><strong>nomine</strong></span> <span class='ocrx_word' id='word_1_283' title='bbox 867 3182 1129 3251; x_wconf 77' lang='lat' dir='ltr'><strong>Constantinopolin</strong></span> <span class='ocrx_word' id='word_1_284' title='bbox 1146 3182 1273 3244; x_wconf 79' lang='lat' dir='ltr'><strong>venisse,</strong></span> <span class='ocrx_word' id='word_1_285' title='bbox 1294 3184 1340 3234; x_wconf 91' lang='lat' dir='ltr'><strong>in·</strong></span> 
     </span>
    </p>

    <p class='ocr_par' dir='ltr' id='par_1_5' title="bbox 231 3251 1437 3744">
     <span class='ocr_line' id='line_1_38' title="bbox 231 3251 1339 3335; baseline -0.001 -30"><span class='ocrx_word' id='word_1_286' title='bbox 231 3309 234 3320; x_wconf 61' lang='grc'>,</span> <span class='ocrx_word' id='word_1_287' title='bbox 315 3253 400 3305; x_wconf 84' lang='lat' dir='ltr'><strong>dein</strong></span> <span class='ocrx_word' id='word_1_288' title='bbox 423 3253 575 3335; x_wconf 68' lang='lat' dir='ltr'><strong>bulgariam</strong></span> <span class='ocrx_word' id='word_1_289' title='bbox 593 3253 627 3304; x_wconf 84' lang='lat' dir='ltr'><strong>ad</strong></span> <span class='ocrx_word' id='word_1_290' title='bbox 656 3253 811 3305; x_wconf 85' lang='lat' dir='ltr'><strong>Simeonem</strong></span> <span class='ocrx_word' id='word_1_291' title='bbox 829 3254 1007 3307; x_wconf 86' lang='lat' dir='ltr'><strong>discessuros.</strong></span> <span class='ocrx_word' id='word_1_292' title='bbox 1042 3254 1076 3310; x_wconf 82' lang='lat' dir='ltr'><strong>V.</strong></span> <span class='ocrx_word' id='word_1_293' title='bbox 1094 3251 1202 3304; x_wconf 85' lang='lat' dir='ltr'><strong>Nicolni</strong></span> <span class='ocrx_word' id='word_1_294' title='bbox 1220 3267 1236 3301; x_wconf 87' lang='lat' dir='ltr'><strong>e</strong></span> <span class='ocrx_word' id='word_1_295' title='bbox 1257 3251 1339 3304; x_wconf 85' lang='lat' dir='ltr'><strong>istola</strong></span> 
     </span>
     <span class='ocr_line' id='line_1_39' title="bbox 314 3269 1339 3460; baseline -0.005 -12"><span class='ocrx_word' id='word_1_296' title='bbox 314 3321 1168 3460; x_wconf 52' lang='lat' dir='ltr'><strong>nitarittet-eertumattentat·</strong></span> <span class='ocrx_word' id='word_1_297' title='bbox 1184 3269 1339 3449; x_wconf 62' lang='lat' dir='ltr'><strong>”beet</strong></span> 
     </span>
     <span class='ocr_line' id='line_1_40' title="bbox 315 3409 1340 3535; baseline -0.003 -19"><span class='ocrx_word' id='word_1_298' title='bbox 315 3463 405 3534; x_wconf 79' lang='grc' dir='ltr'><strong><em>τόμος</em></strong></span> <span class='ocrx_word' id='word_1_299' title='bbox 423 3431 493 3516; x_wconf 79' lang='lat' dir='ltr'><strong>said</strong></span> <span class='ocrx_word' id='word_1_300' title='bbox 511 3451 564 3516; x_wconf 73' lang='grc' dir='ltr'><strong>τὸν</strong></span> <span class='ocrx_word' id='word_1_301' title='bbox 586 3463 715 3518; x_wconf 68' lang='grc' dir='ltr'><strong><em>Ἰούλιον</em></strong></span> <span class='ocrx_word' id='word_1_302' title='bbox 737 3433 816 3535; x_wconf 73' lang='lat' dir='ltr'><strong>piris</strong></span> <span class='ocrx_word' id='word_1_303' title='bbox 838 3433 1017 3529; x_wconf 50' lang='lat' dir='ltr'><strong>‘incincta&#39;</strong></span> <span class='ocrx_word' id='word_1_304' title='bbox 1039 3409 1340 3534; x_wconf 56' lang='lat' dir='ltr'><strong>tpbbribemymt-</strong></span> 
     </span>
     <span class='ocr_line' id='line_1_41' title="bbox 314 3533 1437 3606; baseline -0.002 -20"><span class='ocrx_word' id='word_1_305' title='bbox 314 3547 421 3586; x_wconf 79' lang='lat' dir='ltr'><strong>osseas.</strong></span> <span class='ocrx_word' id='word_1_306' title='bbox 456 3536 484 3588; x_wconf 79' lang='lat' dir='ltr'><strong>Is</strong></span> <span class='ocrx_word' id='word_1_307' title='bbox 512 3547 601 3588; x_wconf 86' lang='lat' dir='ltr'><strong>tomsu</strong></span> <span class='ocrx_word' id='word_1_308' title='bbox 626 3553 716 3590; x_wconf 86' lang='lat' dir='ltr'><strong>mense</strong></span> <span class='ocrx_word' id='word_1_309' title='bbox 738 3536 813 3589; x_wconf 82' lang='lat' dir='ltr'><strong>lulio</strong></span> <span class='ocrx_word' id='word_1_310' title='bbox 832 3536 996 3606; x_wconf 82' lang='lat' dir='ltr'><strong>-quotannis</strong></span> <span class='ocrx_word' id='word_1_311' title='bbox 1021 3535 1055 3587; x_wconf 85' lang='lat' dir='ltr'><strong>irs</strong></span> <span class='ocrx_word' id='word_1_312' title='bbox 1077 3543 1205 3602; x_wconf 68' lang='lat' dir='ltr'><strong>suggestu</strong></span> <span class='ocrx_word' id='word_1_313' title='bbox 1227 3533 1340 3604; x_wconf 69' lang='lat' dir='ltr'><strong>iegitur.</strong></span> <span class='ocrx_word' id='word_1_314' title='bbox 1433 3585 1437 3591; x_wconf 80' lang='grc'><strong><em>,</em></strong></span> 
     </span>
     <span class='ocr_line' id='line_1_42' title="bbox 315 3601 1338 3674; baseline -0.004 -17"><span class='ocrx_word' id='word_1_315' title='bbox 315 3605 356 3657; x_wconf 86' lang='lat' dir='ltr'><strong>Eo</strong></span> <span class='ocrx_word' id='word_1_316' title='bbox 374 3612 497 3674; x_wconf 86' lang='lat' dir='ltr'><strong>tempore</strong></span> <span class='ocrx_word' id='word_1_317' title='bbox 517 3621 581 3674; x_wconf 88' lang='lat' dir='ltr'><strong>pom</strong></span> <span class='ocrx_word' id='word_1_318' title='bbox 603 3620 619 3654; x_wconf 82' lang='lat' dir='ltr'><strong>a</strong></span> <span class='ocrx_word' id='word_1_319' title='bbox 640 3605 761 3658; x_wconf 86' lang='lat' dir='ltr'><strong>solennis</strong></span> <span class='ocrx_word' id='word_1_320' title='bbox 782 3613 811 3656; x_wconf 86' lang='lat' dir='ltr'><strong>et</strong></span> <span class='ocrx_word' id='word_1_321' title='bbox 833 3606 972 3674; x_wconf 86' lang='lat' dir='ltr'><strong>processio</strong></span> <span class='ocrx_word' id='word_1_322' title='bbox 990 3601 1133 3656; x_wconf 77' lang='lat' dir='ltr'><strong>incedens</strong></span> <span class='ocrx_word' id='word_1_323' title='bbox 1152 3604 1245 3655; x_wconf 88' lang='lat' dir='ltr'><strong>lrenes</strong></span> <span class='ocrx_word' id='word_1_324' title='bbox 1263 3610 1293 3653; x_wconf 89' lang='lat' dir='ltr'><strong>et</strong></span> <span class='ocrx_word' id='word_1_325' title='bbox 1310 3603 1338 3654; x_wconf 86' lang='lat' dir='ltr'><strong>S.</strong></span> 
     </span>
     <span class='ocr_line' id='line_1_43' title="bbox 316 3623 1340 3744; baseline 0.001 -18"><span class='ocrx_word' id='word_1_326' title='bbox 316 3673 438 3744; x_wconf 77' lang='lat' dir='ltr'><strong>Sophiae</strong></span> <span class='ocrx_word' id='word_1_327' title='bbox 464 3623 669 3728; x_wconf 76' lang='lat' dir='ltr'><strong>instituebatur.</strong></span> <span class='ocrx_word' id='word_1_328' title='bbox 707 3677 851 3729; x_wconf 84' lang='lat' dir='ltr'><strong>Constant.</strong></span> <span class='ocrx_word' id='word_1_329' title='bbox 880 3677 910 3728; x_wconf 93' lang='lat' dir='ltr'><strong>in</strong></span> <span class='ocrx_word' id='word_1_330' title='bbox 938 3676 1038 3728; x_wconf 86' lang='lat' dir='ltr'><strong>Cerisn.</strong></span> <span class='ocrx_word' id='word_1_331' title='bbox 1064 3673 1124 3727; x_wconf 78' lang='lat' dir='ltr'><strong>Aul.</strong></span> <span class='ocrx_word' id='word_1_332' title='bbox 1150 3675 1211 3739; x_wconf 71' lang='lat' dir='ltr'><strong>Byr.</strong></span> <span class='ocrx_word' id='word_1_333' title='bbox 1241 3671 1340 3727; x_wconf 66' lang='lat' dir='ltr'><strong>HM.</strong></span> 
     </span>
    </p>

    <p class='ocr_par' dir='ltr' id='par_1_6' title="bbox 313 3742 1447 4099">
     <span class='ocr_line' id='line_1_44' title="bbox 316 3742 1338 3814; baseline -0.008 -14"><span class='ocrx_word' id='word_1_334' title='bbox 316 3748 360 3812; x_wconf 81' lang='lat'><strong>87.</strong></span> <span class='ocrx_word' id='word_1_335' title='bbox 377 3762 403 3801; x_wconf 87' lang='lat' dir='ltr'><strong>s.</strong></span> <span class='ocrx_word' id='word_1_336' title='bbox 474 3745 503 3814; x_wconf 74' lang='lat' dir='ltr'><strong>b)</strong></span> <span class='ocrx_word' id='word_1_337' title='bbox 521 3743 652 3798; x_wconf 81' lang='lat' dir='ltr'><strong>Scholion</strong></span> <span class='ocrx_word' id='word_1_338' title='bbox 671 3745 758 3800; x_wconf 87' lang='lat' dir='ltr'><strong>Tomo</strong></span> <span class='ocrx_word' id='word_1_339' title='bbox 777 3747 893 3798; x_wconf 88' lang='lat' dir='ltr'><strong>Unionis</strong></span> <span class='ocrx_word' id='word_1_340' title='bbox 910 3745 1037 3797; x_wconf 82' lang='lat' dir='ltr'><strong>additum</strong></span> <span class='ocrx_word' id='word_1_341' title='bbox 1057 3743 1132 3814; x_wconf 89' lang='lat' dir='ltr'><strong>spnd</strong></span> <span class='ocrx_word' id='word_1_342' title='bbox 1148 3742 1292 3794; x_wconf 82' lang='lat' dir='ltr'><strong>Lennclsr.</strong></span> <span class='ocrx_word' id='word_1_343' title='bbox 1309 3760 1338 3810; x_wconf 89' lang='lat' dir='ltr'><strong>p.</strong></span> 
     </span>
     <span class='ocr_line' id='line_1_45' title="bbox 316 3805 1340 3888; baseline -0.004 -20"><span class='ocrx_word' id='word_1_344' title='bbox 316 3819 374 3870; x_wconf 77' lang='lat' dir='ltr'><strong>sod.</strong></span> <span class='ocrx_word' id='word_1_345' title='bbox 409 3815 474 3869; x_wconf 72' lang='lat' dir='ltr'><strong>uer</strong></span> <span class='ocrx_word' id='word_1_346' title='bbox 491 3813 523 3868; x_wconf 75' lang='lat' dir='ltr'><strong>dt</strong></span> <span class='ocrx_word' id='word_1_347' title='bbox 535 3843 572 3855; x_wconf 94' lang='lat'><strong>·-</strong></span> <span class='ocrx_word' id='word_1_348' title='bbox 583 3805 642 3888; x_wconf 81' lang='grc' dir='ltr'><strong>πρὸ</strong></span> <span class='ocrx_word' id='word_1_349' title='bbox 665 3815 852 3880; x_wconf 74' lang='grc' dir='ltr'><strong>ἐννενήκοντα</strong></span> <span class='ocrx_word' id='word_1_350' title='bbox 879 3815 994 3886; x_wconf 79' lang='grc' dir='ltr'><strong><em>χρόνων</em></strong></span> <span class='ocrx_word' id='word_1_351' title='bbox 1010 3813 1108 3868; x_wconf 74' lang='grc' dir='ltr'><strong><em>ἕνεκεν</em></strong></span> <span class='ocrx_word' id='word_1_352' title='bbox 1123 3817 1172 3876; x_wconf 70' lang='grc' dir='ltr'><strong>τῆς</strong></span> <span class='ocrx_word' id='word_1_353' title='bbox 1189 3811 1340 3883; x_wconf 62' lang='lat' dir='ltr'><strong>apodritos-</strong></span> 
     </span>
     <span class='ocr_line' id='line_1_46' title="bbox 315 3883 1447 3957; baseline -0.004 -19"><span class='ocrx_word' id='word_1_354' title='bbox 315 3888 415 3949; x_wconf 73' lang='lat' dir='ltr'><strong>detoqr</strong></span> <span class='ocrx_word' id='word_1_355' title='bbox 434 3887 527 3943; x_wconf 79' lang='lat' dir='ltr'><strong>otetur</strong></span> <span class='ocrx_word' id='word_1_356' title='bbox 551 3889 602 3938; x_wconf 80' lang='lat' dir='ltr'><strong>sot</strong></span> <span class='ocrx_word' id='word_1_357' title='bbox 623 3884 760 3957; x_wconf 75' lang='grc' dir='ltr'><strong><em>α’φορμῆς</em></strong></span> <span class='ocrx_word' id='word_1_358' title='bbox 784 3886 1004 3957; x_wconf 71' lang='grc' dir='ltr'><strong>ἀποῤῥαγέντας</strong></span> <span class='ocrx_word' id='word_1_359' title='bbox 1021 3885 1108 3956; x_wconf 66' lang='grc' dir='ltr'><strong>ἱερεῖς</strong></span> <span class='ocrx_word' id='word_1_360' title='bbox 1127 3886 1177 3935; x_wconf 74' lang='grc' dir='ltr'><strong>καὶ</strong></span> <span class='ocrx_word' id='word_1_361' title='bbox 1197 3883 1341 3954; x_wconf 69' lang='lat' dir='ltr'><strong>poscitar-</strong></span> <span class='ocrx_word' id='word_1_362' title='bbox 1442 3892 1447 3897; x_wconf 83' lang='grc'><strong>’</strong></span> 
     </span>
     <span class='ocr_line' id='line_1_47' title="bbox 313 3951 1340 4099; baseline 0 -18"><span class='ocrx_word' id='word_1_363' title='bbox 313 3951 786 4086; x_wconf 61' lang='lat' dir='ltr'><strong>anianense</strong></span> <span class='ocrx_word' id='word_1_364' title='bbox 809 3955 1340 4099; x_wconf 70' lang='lat' dir='ltr'><strong>..m</strong></span> 
     </span>
    </p>
   </div>
   <div class='ocr_carea' id='block_1_4' title="bbox 0 0 1534 4825">
    <p class='ocr_par' dir='ltr' id='par_1_7' title="bbox 0 0 1534 4825">
     <span class='ocr_line' id='line_1_48' title="bbox 0 0 1534 4825; baseline 0 0"><span class='ocrx_word' id='word_1_365' title='bbox 0 0 1534 4825; x_wconf 95' lang='lat' dir='ltr'><strong> </strong></span> 
     </span>
    </p>
   </div>
  </div>
 </body>
</html>
