3042 4825
426 970 1093 1059 10.1AC.REISK'11

299 1136 1216 1240 PRAEFAT'IONES.

390 1598 471 1663 An
528 1601 777 1666 TOMUM
832 1600 1125 1673 PRIMUM.

207 1796 336 1921 Quum
357 1875 405 1933 ea,
427 1854 466 1917 de
487 1856 598 1939 quibus
619 1856 777 1919 admoneri
798 1856 936 1918 futurum
956 1855 1048 1918 huius
1068 1852 1140 1918 libri
1160 1853 1416 1921 lentoremEd.h.1

207 1957 254 2017 ias
272 1966 337 2033 est,
357 1966 404 2017 tot
420 1957 482 2017 sint
499 1978 628 2019 nomem
650 1966 681 2017 et
702 1966 846 2017 enarratu
860 1962 926 2017 tam
947 1953 1061 2039 ampla,
1083 1964 1119 2015 nt
1137 1976 1213 2035 nna,
1235 1977 1304 2019 mo-

204 2054 275 2117 dica
295 2066 379 2117 oerte
400 2054 523 2133 fittura,
545 2056 758 2117 dissertatione
779 2055 995 2138 comprehendi
1015 2064 1191 2136 nequeam,
1210 2054 1304 2119 aliae-

205 2176 268 2237 que
287 2164 444 2236 praeterea
463 2165 568 2216 vetent
588 2156 721 2217 rationes
739 2157 865 2232 omnia,
889 2176 968 2237 quae
990 2156 1023 2215 in
1042 2165 1188 2237 promptu
1210 2168 1302 2236 sunt,

206 2250 297 2337 simul
328 2250 509 2314 effundere:
542 2254 643 2314 visum
672 2264 718 2314 eat
737 2274 862 2335 operam
883 2255 1016 2337 partiri,
1044 2262 1075 2314 et
1097 2252 1157 2313 hoe
1177 2253 1301 2336 quidem

205 2354 274 2415 loeo
293 2362 413 2414 tantum
438 2352 477 2414 de
498 2351 567 2414 fatis
587 2350 704 2431 huius,
726 2351 811 2435 quod
833 2370 917 2414 nunc
944 2350 1067 2434 prodit,
1095 2353 1196 2435 operis
1217 2354 1301 2416 Con-

204 2454 381 2514 atantiniani
400 2495 409 2530 ,
431 2455 505 2513 item
526 2451 565 2512 de
591 2445 674 2512 illius
702 2461 904 2535 argumento,
930 2449 1022 2512 titulo
1041 2462 1072 2513 et
1092 2437 1220 2514 auctore*
1235 2452 1299 2515 dis-

202 2575 325 2631 serere3
345 2551 433 2613 alteri
454 2561 556 2613 autem
577 2549 726 2612 volumini
746 2573 817 2612 mox
833 2561 975 2612 secuturo
994 2547 1112 2634 reliqua
1129 2573 1298 2634 reservare,

201 2654 242 2715 de
262 2653 373 2738 quibus
393 2653 611 2736 expositionem
633 2651 782 2733 praefatio
801 2649 907 2712 lectori
929 2649 1029 2712 debet.

285 2751 314 2835 S.
342 2773 370 2812 ι.
412 2751 462 2813 De
474 2745 563 2834 sotir
583 2751 677 2811 huius
696 2751 814 2832 operis.
841 2750 930 2832 Opus
949 2757 1013 2810 tam
1033 2750 1142 2812 scitum
1163 2763 1194 2814 et
1208 2751 1295 2830 utile,
1336 2777 1343 2792 ·

201 2865 296 2936 atque
315 2851 373 2913 hoc
394 2861 452 2929 est,
472 2852 605 2934 potniase
623 2869 680 2932 per
699 2860 746 2911 tot
767 2847 887 2910 saecula
907 2851 1090 2932 scriptorum
1109 2853 1296 2918 Graecorum

200 2953 461 3033 Latinorumque,
488 2959 639 3031 quotquot
667 2947 707 3008 ab
736 2951 802 3010 eius
828 2945 981 3008 natalibus
1007 2948 1080 3012 inde
1106 2949 1294 3030 claruerunt,

196 3054 338 3112 omnium
366 3053 506 3112 notitiam
529 3048 682 3132 effugere,
714 3045 850 3132 profecto
881 3052 994 3112 mirum
1021 3060 1090 3129 est,
1116 3055 1294 3132 praesertim

199 3152 234 3212 iu
262 3152 325 3212 acri
352 3150 434 3228 illa,
464 3171 526 3233 qua
554 3151 693 3232 superius
722 3147 877 3210 suendum
909 3149 1071 3228 fervebat,
1100 3149 1293 3238 indagatione

197 3249 376 3310 chartarum
404 3250 444 3310 ad
472 3247 670 3333 Byzantium
699 3247 858 3308 historiam
886 3251 1114 3331 pertinentium.
1170 3249 1293 3312 Pn'mus

196 3361 302 3410 autem
317 3349 491 3411 Zacasnus
513 3349 676 3410 Consanus
697 3347 943 3427 Urrrnnsoams,
964 3350 1019 3411 Rei
1035 3347 1175 3432 publicae
1190 3350 1293 3411 Fran·

193 3449 374 3512 cofortanae
395 3449 434 3510 ad
460 3451 606 3510 Moenum
631 3446 786 3530 quondam
811 3447 963 3510 Seabinus
979 3460 1009 3510 et
1029 3447 1223 3528 Consularis,
1251 3448 1292 3510 li·

195 3551 290 3611 hrum
308 3549 390 3612 hunc
409 3549 574 3610 insanam
593 3550 700 3627 misit,
728 3549 794 3607 eius
813 3548 953 3608 notitiam
980 3547 1122 3630 edendo,
1151 3569 1230 3631 quoe
1255 3571 1291 3611 ex
1367 3551 1371 3558 '

196 3649 339 3712 celeber.
369 3651 508 3711 Fssatcn
524 3647 723 3713 mitthena.
753 3645 874 3708 Graec.
915 3645 1015 3711 Tamo
1033 3646 1092 3710 Vr.
1122 3647 1248 3710 inferius
1270 3671 1290 3709 a

195 3753 312 3812 nostris
331 3753 431 3832 operis
452 3759 615 3833 repetetur.
658 3747 706 3808 Ex
728 3743 925 3806 Uffenhachii
945 3748 1133 3830 possessione
1152 3741 1291 3830 pertenit

195 3854 230 3912 in
258 3830 477 3912 Bibiiotheeam
498 3848 605 3930 Ampl.
627 3847 755 3908 Senatus
779 3845 865 3907 urhis
885 3856 1032 3924 nostrae,
1060 3869 1140 3932 quae
1166 3844 1289 3932 optimis

193 3949 282 4011 libris
299 3951 446 4011 instructa
461 3947 587 4010 eruditis
600 3945 787 4010 nostratibus
799 3965 912 4027 magno
924 3949 994 4008 unii
1015 3957 1072 4008 est.
1100 3948 1147 4008 lta
1161 3949 1287 4026 factum,

191 4061 230 4112 ut
251 4049 464 4133 Amplissimos
485 4049 682 4120 Msscovrus,
709 4047 774 4105 eiua
801 4044 992 4126 praefectus,
1024 4046 1070 4107 Io.
1093 4047 1191 4109 Hans.
1212 4047 1286 4108 Lm·
1418 4115 1424 4128 ,

192 4171 318 4232 ωσι,
354 4169 451 4234 nuper
475 4150 508 4212 in
538 4145 703 4210 Academia
736 4154 842 4208 nosne
868 4143 1085 4228 elegantiarum
1114 4143 1283 4210 litterarum
