<?xml version="1.0" encoding="UTF-8"?>
<!DOCTYPE html PUBLIC "-//W3C//DTD XHTML 1.0 Transitional//EN"
    "http://www.w3.org/TR/xhtml1/DTD/xhtml1-transitional.dtd">
<html xmlns="http://www.w3.org/1999/xhtml" xml:lang="en" lang="en">
 <head>
  <title>
</title>
<meta http-equiv="Content-Type" content="text/html;charset=utf-8" />
  <meta name='ocr-system' content='tesseract 3.04.00' />
  <meta name='ocr-capabilities' content='ocr_page ocr_carea ocr_par ocr_line ocrx_word'/>
</head>
<body>
  <div class='ocr_page' id='page_1' title='image "./corpusscriptoru40niebgoog/corpusscriptoru40niebgoog_0817.png"; bbox 0 0 3042 4825; ppageno 0'>
   <div class='ocr_carea' id='block_1_1' title="bbox 293 171 1251 291">
    <p class='ocr_par' dir='ltr' id='par_1_1' title="bbox 293 171 1251 291">
     <span class='ocr_line' id='line_1_1' title="bbox 293 171 1251 291; baseline -0.003 -28"><span class='ocrx_word' id='word_1_1' title='bbox 293 201 348 263; x_wconf 81' lang='lat' dir='ltr'>os</span> <span class='ocrx_word' id='word_1_2' title='bbox 375 171 574 265; x_wconf 76' lang='lat' dir='ltr'>marnoa.</span> <span class='ocrx_word' id='word_1_3' title='bbox 611 200 750 264; x_wconf 75' lang='lat' dir='ltr'>amna</span> <span class='ocrx_word' id='word_1_4' title='bbox 778 189 950 268; x_wconf 72' lang='lat' dir='ltr'>armna</span> <span class='ocrx_word' id='word_1_5' title='bbox 982 207 1096 276; x_wconf 69' lang='lat' dir='ltr'>nar.</span> <span class='ocrx_word' id='word_1_6' title='bbox 1170 205 1251 291; x_wconf 82' lang='lat'>7⁰7</span> 
     </span>
    </p>
   </div>
   <div class='ocr_carea' id='block_1_2' title="bbox 135 352 1407 1145">
    <p class='ocr_par' dir='ltr' id='par_1_2' title="bbox 135 352 1407 1036">
     <span class='ocr_line' id='line_1_2' title="bbox 155 352 1407 444; baseline 0.006 -28"><span class='ocrx_word' id='word_1_7' title='bbox 155 355 252 436; x_wconf 72' lang='grc' dir='ltr'><strong><em>βείων</em></strong></span> <span class='ocrx_word' id='word_1_8' title='bbox 270 353 461 434; x_wconf 76' lang='grc' dir='ltr'><strong><em>ἀξιωμάτων</em></strong></span> <span class='ocrx_word' id='word_1_9' title='bbox 481 354 639 441; x_wconf 75' lang='grc' dir='ltr'><strong><em>διαφοραὶ</em></strong></span> <span class='ocrx_word' id='word_1_10' title='bbox 663 355 744 420; x_wconf 84' lang='grc' dir='ltr'><strong><em>νατά</em></strong></span> <span class='ocrx_word' id='word_1_11' title='bbox 769 354 858 435; x_wconf 82' lang='grc' dir='ltr'><strong><em>ια”ξιν</em></strong></span> <span class='ocrx_word' id='word_1_12' title='bbox 880 359 936 421; x_wconf 83' lang='grc' dir='ltr'><strong><em>καί</em></strong></span> <span class='ocrx_word' id='word_1_13' title='bbox 956 357 1100 441; x_wconf 73' lang='grc' dir='ltr'><strong><em>ἀριθμὸν</em></strong></span> <span class='ocrx_word' id='word_1_14' title='bbox 1121 356 1178 423; x_wconf 86' lang='grc' dir='ltr'><strong><em>τόν</em></strong></span> <span class='ocrx_word' id='word_1_15' title='bbox 1197 352 1407 444; x_wconf 57' lang='grc' dir='ltr'><strong><em>ἤδηΜῡινῧὸ·ῧ</em></strong></span> 
     </span>
     <span class='ocr_line' id='line_1_3' title="bbox 155 448 1290 544; baseline 0.002 -26"><span class='ocrx_word' id='word_1_16' title='bbox 155 448 379 538; x_wconf 58' lang='lat' dir='ltr'>staffines-‘ias</span> <span class='ocrx_word' id='word_1_17' title='bbox 400 455 569 538; x_wconf 79' lang='grc' dir='ltr'><strong><em>μέλλοντα,</em></strong></span> <span class='ocrx_word' id='word_1_18' title='bbox 590 454 646 519; x_wconf 82' lang='grc' dir='ltr'><strong><em>καί</em></strong></span> <span class='ocrx_word' id='word_1_19' title='bbox 662 452 722 531; x_wconf 82' lang='grc' dir='ltr'><strong><em>τοὶς</em></strong></span> <span class='ocrx_word' id='word_1_20' title='bbox 742 459 917 540; x_wconf 74' lang='grc' dir='ltr'><strong><em>συνηθείας</em></strong></span> <span class='ocrx_word' id='word_1_21' title='bbox 937 460 1092 542; x_wconf 81' lang='grc' dir='ltr'><strong><em>παρέχειν</em></strong></span> <span class='ocrx_word' id='word_1_22' title='bbox 1113 460 1290 544; x_wconf 69' lang='grc' dir='ltr'><strong><em>ὄφειλον-1)</em></strong></span> 
     </span>
     <span class='ocr_line' id='line_1_4' title="bbox 154 549 1260 640; baseline 0.005 -24"><span class='ocrx_word' id='word_1_23' title='bbox 154 577 223 627; x_wconf 81' lang='grc' dir='ltr'><strong><em>τοις.</em></strong></span> <span class='ocrx_word' id='word_1_24' title='bbox 266 549 402 637; x_wconf 78' lang='grc' dir='ltr'>καίμάρ</span> <span class='ocrx_word' id='word_1_25' title='bbox 425 551 541 634; x_wconf 80' lang='grc' dir='ltr'><strong><em>οἱμὲν</em></strong></span> <span class='ocrx_word' id='word_1_26' title='bbox 573 554 681 619; x_wconf 76' lang='grc' dir='ltr'><strong><em>αάτοῖν</em></strong></span> <span class='ocrx_word' id='word_1_27' title='bbox 709 551 763 618; x_wconf 80' lang='grc' dir='ltr'><strong><em>διοὶ</em></strong></span> <span class='ocrx_word' id='word_1_28' title='bbox 792 553 952 640; x_wconf 71' lang='grc' dir='ltr'><strong><em>βραβείων</em></strong></span> <span class='ocrx_word' id='word_1_29' title='bbox 978 559 1190 640; x_wconf 80' lang='grc' dir='ltr'><strong><em>παρέχονται,</em></strong></span> <span class='ocrx_word' id='word_1_30' title='bbox 1222 555 1260 622; x_wconf 76' lang='grc' dir='ltr'>αῖ</span> 
     </span>
     <span class='ocr_line' id='line_1_5' title="bbox 155 648 1259 738; baseline 0.005 -23"><span class='ocrx_word' id='word_1_31' title='bbox 155 654 194 716; x_wconf 79' lang='grc' dir='ltr'>δὲ</span> <span class='ocrx_word' id='word_1_32' title='bbox 215 648 271 716; x_wconf 82' lang='grc' dir='ltr'><strong><em>διοὶ</em></strong></span> <span class='ocrx_word' id='word_1_33' title='bbox 291 656 462 735; x_wconf 77' lang='grc' dir='ltr'><strong><em>βασιλικοῦ</em></strong></span> <span class='ocrx_word' id='word_1_34' title='bbox 488 651 584 738; x_wconf 74' lang='grc' dir='ltr'><strong><em>λόγον</em></strong></span> <span class='ocrx_word' id='word_1_35' title='bbox 613 655 859 738; x_wconf 73' lang='grc' dir='ltr'><strong><em>προσγινονται,</em></strong></span> <span class='ocrx_word' id='word_1_36' title='bbox 890 657 948 718; x_wconf 76' lang='grc' dir='ltr'><em>καί</em></span> <span class='ocrx_word' id='word_1_37' title='bbox 980 659 1259 733; x_wconf 81' lang='grc' dir='ltr'><strong><em>συνέπονταιταῖς</em></strong></span> 
     </span>
     <span class='ocr_line' id='line_1_6' title="bbox 135 747 1259 840; baseline 0.007 -26"><span class='ocrx_word' id='word_1_38' title='bbox 135 747 213 822; x_wconf 71' lang='grc' dir='ltr'>ὄδιά</span> <span class='ocrx_word' id='word_1_39' title='bbox 234 756 395 837; x_wconf 78' lang='grc' dir='ltr'><strong><em>βραβιιων</em></strong></span> <span class='ocrx_word' id='word_1_40' title='bbox 406 753 590 834; x_wconf 73' lang='grc' dir='ltr'><strong><em>διδομέναις</em></strong></span> <span class='ocrx_word' id='word_1_41' title='bbox 601 754 716 834; x_wconf 77' lang='grc' dir='ltr'><strong><em>ἀξίαις,</em></strong></span> <span class='ocrx_word' id='word_1_42' title='bbox 739 755 797 818; x_wconf 75' lang='grc' dir='ltr'>καὶ</span> <span class='ocrx_word' id='word_1_43' title='bbox 811 751 920 834; x_wconf 83' lang='grc' dir='ltr'><strong><em>οἱμὲν</em></strong></span> <span class='ocrx_word' id='word_1_44' title='bbox 938 753 1051 820; x_wconf 69' lang='lat' dir='ltr'>adroic·</span> <span class='ocrx_word' id='word_1_45' title='bbox 1066 753 1102 822; x_wconf 84' lang='grc' dir='ltr'>τὸ</span> <span class='ocrx_word' id='word_1_46' title='bbox 1122 757 1259 840; x_wconf 86' lang='grc' dir='ltr'><strong><em>μόνιμον</em></strong></span> 
     </span>
     <span class='ocr_line' id='line_1_7' title="bbox 154 848 1260 942; baseline 0.007 -28"><span class='ocrx_word' id='word_1_47' title='bbox 154 848 296 933; x_wconf 80' lang='grc' dir='ltr'><strong><em>ἔχουσιν,</em></strong></span> <span class='ocrx_word' id='word_1_48' title='bbox 320 849 356 916; x_wconf 79' lang='grc' dir='ltr'>αἱ</span> <span class='ocrx_word' id='word_1_49' title='bbox 377 854 414 917; x_wconf 81' lang='grc' dir='ltr'>δὲ</span> <span class='ocrx_word' id='word_1_50' title='bbox 433 851 554 940; x_wconf 72' lang='grc' dir='ltr'><strong><em>ῥαδίως</em></strong></span> <span class='ocrx_word' id='word_1_51' title='bbox 577 853 674 919; x_wconf 77' lang='grc' dir='ltr'><strong><em>πάλιν</em></strong></span> <span class='ocrx_word' id='word_1_52' title='bbox 698 852 937 940; x_wconf 72' lang='grc' dir='ltr'>ἀφαιρούμεναι</span> <span class='ocrx_word' id='word_1_53' title='bbox 958 857 994 920; x_wconf 78' lang='grc' dir='ltr'>ἐκ</span> <span class='ocrx_word' id='word_1_54' title='bbox 1014 856 1192 942; x_wconf 71' lang='grc' dir='ltr'><strong><em>προσώπων</em></strong></span> <span class='ocrx_word' id='word_1_55' title='bbox 1213 855 1260 930; x_wconf 79' lang='grc' dir='ltr'>εἰς</span> 
     </span>
     <span class='ocr_line' id='line_1_8' title="bbox 154 946 569 1036; baseline 0.014 -24"><span class='ocrx_word' id='word_1_56' title='bbox 154 946 314 1036; x_wconf 83' lang='grc' dir='ltr'><strong><em>πρόσωπα</em></strong></span> <span class='ocrx_word' id='word_1_57' title='bbox 334 953 569 1036; x_wconf 67' lang='grc' dir='ltr'><strong><em>διαβαίνουσιν.</em></strong></span> 
     </span>
    </p>

    <p class='ocr_par' dir='ltr' id='par_1_3' title="bbox 489 1062 920 1145">
     <span class='ocr_line' id='line_1_9' title="bbox 489 1062 920 1145; baseline -0.002 -19"><span class='ocrx_word' id='word_1_58' title='bbox 489 1072 533 1126; x_wconf 79' lang='lat' dir='ltr'>At</span> <span class='ocrx_word' id='word_1_59' title='bbox 549 1062 599 1124; x_wconf 76' lang='grc' dir='ltr'>διά</span> <span class='ocrx_word' id='word_1_60' title='bbox 619 1073 759 1145; x_wconf 67' lang='grc' dir='ltr'><strong><em>βραδεῖαν</em></strong></span> <span class='ocrx_word' id='word_1_61' title='bbox 777 1072 857 1136; x_wconf 75' lang='grc' dir='ltr'><strong><em>ἀξίαι</em></strong></span> <span class='ocrx_word' id='word_1_62' title='bbox 877 1067 920 1140; x_wconf 77' lang='grc' dir='ltr'><strong><em>ιη’.</em></strong></span> 
     </span>
    </p>
   </div>
   <div class='ocr_carea' id='block_1_3' title="bbox 236 1155 1259 1258">
    <p class='ocr_par' dir='ltr' id='par_1_4' title="bbox 236 1155 1259 1258">
     <span class='ocr_line' id='line_1_10' title="bbox 236 1155 1259 1258; baseline 0.011 -26"><span class='ocrx_word' id='word_1_63' title='bbox 236 1169 315 1233; x_wconf 78' lang='grc' dir='ltr'><strong><em>Εἰσὶ</em></strong></span> <span class='ocrx_word' id='word_1_64' title='bbox 334 1171 370 1237; x_wconf 78' lang='grc' dir='ltr'>δὲ</span> <span class='ocrx_word' id='word_1_65' title='bbox 391 1155 495 1237; x_wconf 80' lang='grc' dir='ltr'><strong><em>πάσαι</em></strong></span> <span class='ocrx_word' id='word_1_66' title='bbox 515 1168 601 1254; x_wconf 65' lang='lat' dir='ltr'>cirrosi</span> <span class='ocrx_word' id='word_1_67' title='bbox 621 1170 656 1237; x_wconf 80' lang='grc' dir='ltr'>αἱ</span> <span class='ocrx_word' id='word_1_68' title='bbox 675 1170 730 1238; x_wconf 78' lang='grc' dir='ltr'><strong><em>διὰ</em></strong></span> <span class='ocrx_word' id='word_1_69' title='bbox 758 1177 919 1258; x_wconf 67' lang='grc' dir='ltr'><strong><em>βραβεῖον</em></strong></span> <span class='ocrx_word' id='word_1_70' title='bbox 952 1177 1121 1258; x_wconf 83' lang='grc' dir='ltr'><strong><em>διδόμεναι</em></strong></span> <span class='ocrx_word' id='word_1_71' title='bbox 1141 1176 1197 1242; x_wconf 83' lang='grc' dir='ltr'><strong><em>τόν</em></strong></span> <span class='ocrx_word' id='word_1_72' title='bbox 1218 1174 1259 1243; x_wconf 85' lang='grc' dir='ltr'>ἀ-</span> 
     </span>
    </p>
   </div>
   <div class='ocr_carea' id='block_1_4' title="bbox 118 1265 1406 1360">
    <p class='ocr_par' dir='ltr' id='par_1_5' title="bbox 5 1257 1406 1365">
     <span class='ocr_line' id='line_1_11' title="bbox 118 1265 1406 1360; baseline -0.008 -27.887"><span class='ocrx_word' id='word_1_73' title='bbox 118 1265 278 1354; x_wconf 76' lang='grc' dir='ltr'><strong><em>ιοριθμόν</em></strong></span> <span class='ocrx_word' id='word_1_74' title='bbox 287 1267 515 1354; x_wconf 76' lang='grc' dir='ltr'><strong><em>ὀκτωκαίδεκα,</em></strong></span> <span class='ocrx_word' id='word_1_75' title='bbox 523 1272 647 1350; x_wconf 78' lang='grc' dir='ltr'><strong><em>αἵτινες</em></strong></span> <span class='ocrx_word' id='word_1_76' title='bbox 656 1266 742 1350; x_wconf 79' lang='grc' dir='ltr'><strong><em>ἀπαξ</em></strong></span> <span class='ocrx_word' id='word_1_77' title='bbox 758 1272 922 1354; x_wconf 87' lang='grc' dir='ltr'><strong><em>διδόμεναι</em></strong></span> <span class='ocrx_word' id='word_1_78' title='bbox 936 1273 1084 1356; x_wconf 78' lang='grc' dir='ltr'><strong><em>οὐδαμῶς</em></strong></span> <span class='ocrx_word' id='word_1_79' title='bbox 1102 1267 1259 1360; x_wconf 69' lang='grc' dir='ltr'><strong><em>ἆναστρέ-</em></strong></span> <span class='ocrx_word' id='word_1_80' title='bbox 1267 1266 1406 1340; x_wconf 71' lang='lat' dir='ltr'>Ed.l..dso</span> 
     </span>
    </p>
   </div>
   <div class='ocr_carea' id='block_1_5' title="bbox 4 1563 8 1596">
    <p class='ocr_par' dir='ltr' id='par_1_6' title="bbox 4 1563 8 1596">
     <span class='ocr_line' id='line_1_12' title="bbox 4 1563 8 1596; baseline 0 0"><span class='ocrx_word' id='word_1_81' title='bbox 4 1563 8 1596; x_wconf 79' lang='lat' dir='ltr'>l</span> 
     </span>
    </p>
   </div>
   <div class='ocr_carea' id='block_1_6' title="bbox 4 1663 6 1694">
    <p class='ocr_par' dir='ltr' id='par_1_7' title="bbox 4 1663 6 1694">
     <span class='ocr_line' id='line_1_13' title="bbox 4 1663 6 1694; baseline 0 0"><span class='ocrx_word' id='word_1_82' title='bbox 4 1663 6 1694; x_wconf 86' lang='lat' dir='ltr'>l</span> 
     </span>
    </p>
   </div>
   <div class='ocr_carea' id='block_1_7' title="bbox 152 1362 1260 1555">
    <p class='ocr_par' dir='ltr' id='par_1_8' title="bbox 152 1362 1260 1555">
     <span class='ocr_line' id='line_1_14' title="bbox 153 1362 1260 1461; baseline 0.008 -32"><span class='ocrx_word' id='word_1_83' title='bbox 153 1389 285 1454; x_wconf 84' lang='grc' dir='ltr'><strong><em>φονται.</em></strong></span> <span class='ocrx_word' id='word_1_84' title='bbox 328 1371 529 1455; x_wconf 76' lang='grc' dir='ltr'><strong><em>διαιροῦνται</em></strong></span> <span class='ocrx_word' id='word_1_85' title='bbox 559 1373 595 1436; x_wconf 75' lang='grc' dir='ltr'>δὲ</span> <span class='ocrx_word' id='word_1_86' title='bbox 617 1365 717 1437; x_wconf 74' lang='grc' dir='ltr'><strong><em>αὗται</em></strong></span> <span class='ocrx_word' id='word_1_87' title='bbox 737 1373 784 1447; x_wconf 79' lang='grc' dir='ltr'>εἷς</span> <span class='ocrx_word' id='word_1_88' title='bbox 802 1375 885 1458; x_wconf 80' lang='grc' dir='ltr'><strong><em>μέρη</em></strong></span> <span class='ocrx_word' id='word_1_89' title='bbox 907 1371 982 1456; x_wconf 77' lang='grc' dir='ltr'><strong><em>δύο,</em></strong></span> <span class='ocrx_word' id='word_1_90' title='bbox 1017 1377 1064 1449; x_wconf 77' lang='grc' dir='ltr'>εἰς</span> <span class='ocrx_word' id='word_1_91' title='bbox 1093 1362 1260 1461; x_wconf 59' lang='lat' dir='ltr'>rarasqu-</span> 
     </span>
     <span class='ocr_line' id='line_1_15' title="bbox 152 1462 716 1555; baseline 0.012 -25"><span class='ocrx_word' id='word_1_92' title='bbox 152 1462 229 1543; x_wconf 84' lang='grc' dir='ltr'><strong><em>ιιοδς</em></strong></span> <span class='ocrx_word' id='word_1_93' title='bbox 249 1470 305 1532; x_wconf 82' lang='grc' dir='ltr'><strong><em>καί</em></strong></span> <span class='ocrx_word' id='word_1_94' title='bbox 324 1471 372 1546; x_wconf 82' lang='grc' dir='ltr'>εἰς</span> <span class='ocrx_word' id='word_1_95' title='bbox 396 1467 716 1555; x_wconf 74' lang='grc' dir='ltr'><strong><em>προσελενσιμαῖοος.</em></strong></span> 
     </span>
    </p>
   </div>
   <div class='ocr_carea' id='block_1_8' title="bbox 236 1595 1260 1795">
    <p class='ocr_par' dir='ltr' id='par_1_9' title="bbox 236 1595 1260 1795">
     <span class='ocr_line' id='line_1_16' title="bbox 415 1595 1007 1680; baseline 0.005 -20"><span class='ocrx_word' id='word_1_96' title='bbox 415 1601 521 1660; x_wconf 85' lang='grc' dir='ltr'><strong><em>Πόσαι</em></strong></span> <span class='ocrx_word' id='word_1_97' title='bbox 538 1595 588 1660; x_wconf 70' lang='lat' dir='ltr'>ord</span> <span class='ocrx_word' id='word_1_98' title='bbox 608 1606 707 1679; x_wconf 81' lang='grc' dir='ltr'><strong><em>λόγον.</em></strong></span> <span class='ocrx_word' id='word_1_99' title='bbox 745 1609 778 1660; x_wconf 71' lang='grc' dir='ltr'>αἱ</span> <span class='ocrx_word' id='word_1_100' title='bbox 797 1597 845 1662; x_wconf 71' lang='grc' dir='ltr'><strong><em>διὰ</em></strong></span> <span class='ocrx_word' id='word_1_101' title='bbox 866 1609 959 1680; x_wconf 78' lang='grc' dir='ltr'><strong><em>λόγου</em></strong></span> <span class='ocrx_word' id='word_1_102' title='bbox 976 1609 1007 1672; x_wconf 78' lang='grc' dir='ltr'>ξ’.</span> 
     </span>
     <span class='ocr_line' id='line_1_17' title="bbox 236 1699 1260 1795; baseline 0.003 -24"><span class='ocrx_word' id='word_1_103' title='bbox 236 1701 286 1771; x_wconf 83' lang='lat' dir='ltr'>At</span> <span class='ocrx_word' id='word_1_104' title='bbox 307 1706 343 1771; x_wconf 81' lang='grc' dir='ltr'>δδ</span> <span class='ocrx_word' id='word_1_105' title='bbox 366 1703 422 1772; x_wconf 80' lang='grc' dir='ltr'><strong><em>διοὶ</em></strong></span> <span class='ocrx_word' id='word_1_106' title='bbox 451 1705 546 1791; x_wconf 75' lang='grc' dir='ltr'><strong><em>λόγον</em></strong></span> <span class='ocrx_word' id='word_1_107' title='bbox 569 1703 816 1794; x_wconf 78' lang='grc' dir='ltr'><strong><em>προομινόμεναι</em></strong></span> <span class='ocrx_word' id='word_1_108' title='bbox 843 1704 977 1786; x_wconf 77' lang='grc' dir='ltr'><strong><em>τούτοις</em></strong></span> <span class='ocrx_word' id='word_1_109' title='bbox 1006 1707 1063 1772; x_wconf 73' lang='grc' dir='ltr'>καὶ</span> <span class='ocrx_word' id='word_1_110' title='bbox 1087 1703 1124 1773; x_wconf 82' lang='grc' dir='ltr'>τὸ</span> <span class='ocrx_word' id='word_1_111' title='bbox 1148 1699 1260 1795; x_wconf 72' lang='grc' dir='ltr'><strong><em>ἄρχειν</em></strong></span> 
     </span>
    </p>
   </div>
   <div class='ocr_carea' id='block_1_9' title="bbox 4 1800 1262 1894">
    <p class='ocr_par' dir='ltr' id='par_1_10' title="bbox 4 1800 1262 1894">
     <span class='ocr_line' id='line_1_18' title="bbox 4 1800 1262 1894; baseline 0.002 -25"><span class='ocrx_word' id='word_1_112' title='bbox 4 1888 5 1893; x_wconf 12' lang='lat'>¹</span> <span class='ocrx_word' id='word_1_113' title='bbox 115 1803 289 1883; x_wconf 70' lang='grc' dir='ltr'><strong><em>ι5ἐνδόξως</em></strong></span> <span class='ocrx_word' id='word_1_114' title='bbox 309 1803 539 1889; x_wconf 75' lang='grc' dir='ltr'><strong><em>λαμβάνονσαί</em></strong></span> <span class='ocrx_word' id='word_1_115' title='bbox 553 1807 617 1872; x_wconf 80' lang='grc' dir='ltr'><strong><em>εἰσι</em></strong></span> <span class='ocrx_word' id='word_1_116' title='bbox 636 1807 694 1870; x_wconf 78' lang='grc' dir='ltr'>καί</span> <span class='ocrx_word' id='word_1_117' title='bbox 713 1807 813 1873; x_wconf 71' lang='lat' dir='ltr'>adrat*</span> <span class='ocrx_word' id='word_1_118' title='bbox 841 1800 944 1873; x_wconf 77' lang='grc' dir='ltr'><strong><em>πάσοι</em></strong></span> <span class='ocrx_word' id='word_1_119' title='bbox 971 1805 1026 1874; x_wconf 84' lang='grc' dir='ltr'><strong><em>τὸν</em></strong></span> <span class='ocrx_word' id='word_1_120' title='bbox 1053 1805 1194 1894; x_wconf 77' lang='grc' dir='ltr'><strong><em>ἀριθμὸν</em></strong></span> <span class='ocrx_word' id='word_1_121' title='bbox 1224 1807 1262 1891; x_wconf 78' lang='grc' dir='ltr'>ξ,</span> 
     </span>
    </p>
   </div>
   <div class='ocr_carea' id='block_1_10' title="bbox 113 1900 1287 2485">
    <p class='ocr_par' dir='ltr' id='par_1_11' title="bbox 154 1900 1262 1995">
     <span class='ocr_line' id='line_1_19' title="bbox 154 1900 1262 1995; baseline 0.002 -24"><span class='ocrx_word' id='word_1_122' title='bbox 154 1905 270 1979; x_wconf 69' lang='grc' dir='ltr'><strong><em>οἵτινες</em></strong></span> <span class='ocrx_word' id='word_1_123' title='bbox 305 1901 565 1992; x_wconf 75' lang='grc' dir='ltr'><strong><em>ἀφαιρούμεναι,</em></strong></span> <span class='ocrx_word' id='word_1_124' title='bbox 602 1900 709 1991; x_wconf 70' lang='grc' dir='ltr'><strong><em>ὥσπερ</em></strong></span> <span class='ocrx_word' id='word_1_125' title='bbox 748 1903 872 1994; x_wconf 78' lang='grc' dir='ltr'><strong><em>ἔφαμεν</em></strong></span> <span class='ocrx_word' id='word_1_126' title='bbox 879 1957 890 1990; x_wconf 87' lang='grc'><strong><em>,</em></strong></span> <span class='ocrx_word' id='word_1_127' title='bbox 932 1909 969 1972; x_wconf 80' lang='grc' dir='ltr'>ἐκ</span> <span class='ocrx_word' id='word_1_128' title='bbox 1007 1904 1187 1995; x_wconf 74' lang='grc' dir='ltr'><strong><em>προσώπων</em></strong></span> <span class='ocrx_word' id='word_1_129' title='bbox 1215 1909 1262 1982; x_wconf 80' lang='grc' dir='ltr'>εἰς</span> 
     </span>
    </p>

    <p class='ocr_par' dir='ltr' id='par_1_12' title="bbox 153 1997 1263 2093">
     <span class='ocr_line' id='line_1_20' title="bbox 153 1997 1263 2093; baseline 0.002 -25"><span class='ocrx_word' id='word_1_130' title='bbox 153 1997 311 2090; x_wconf 84' lang='grc' dir='ltr'><strong><em>πρόσωπα</em></strong></span> <span class='ocrx_word' id='word_1_131' title='bbox 342 2006 500 2091; x_wconf 73' lang='grc' dir='ltr'><strong><em>βασιλικῷ</em></strong></span> <span class='ocrx_word' id='word_1_132' title='bbox 529 2003 613 2093; x_wconf 74' lang='grc' dir='ltr'>λόγῳ</span> <span class='ocrx_word' id='word_1_133' title='bbox 643 2005 864 2092; x_wconf 74' lang='grc' dir='ltr'><strong><em>μετέρχονται.</em></strong></span> <span class='ocrx_word' id='word_1_134' title='bbox 907 2007 1105 2093; x_wconf 79' lang='grc' dir='ltr'><strong><em>διαιροῦνται</em></strong></span> <span class='ocrx_word' id='word_1_135' title='bbox 1139 2007 1175 2072; x_wconf 82' lang='grc' dir='ltr'>δὲ</span> <span class='ocrx_word' id='word_1_136' title='bbox 1205 2008 1263 2071; x_wconf 81' lang='grc' dir='ltr'><strong><em>καί</em></strong></span> 
     </span>
    </p>

    <p class='ocr_par' dir='ltr' id='par_1_13' title="bbox 154 2093 1261 2191">
     <span class='ocr_line' id='line_1_21' title="bbox 154 2093 1261 2191; baseline 0.001 -24"><span class='ocrx_word' id='word_1_137' title='bbox 154 2093 252 2168; x_wconf 67' lang='grc' dir='ltr'><strong><em>οὗτοι</em></strong></span> <span class='ocrx_word' id='word_1_138' title='bbox 282 2105 328 2177; x_wconf 80' lang='grc' dir='ltr'>εἷς</span> <span class='ocrx_word' id='word_1_139' title='bbox 357 2103 440 2188; x_wconf 81' lang='grc' dir='ltr'><strong><em>μέρη</em></strong></span> <span class='ocrx_word' id='word_1_140' title='bbox 469 2103 521 2186; x_wconf 68' lang='grc' dir='ltr'>ἓξ,</span> <span class='ocrx_word' id='word_1_141' title='bbox 553 2097 620 2169; x_wconf 79' lang='grc' dir='ltr'><strong><em>οἷον</em></strong></span> <span class='ocrx_word' id='word_1_142' title='bbox 646 2105 693 2180; x_wconf 78' lang='grc' dir='ltr'>εἷς</span> <span class='ocrx_word' id='word_1_143' title='bbox 722 2105 919 2191; x_wconf 71' lang='grc' dir='ltr'><strong><em>στρατηγούς</em></strong></span> <span class='ocrx_word' id='word_1_144' title='bbox 926 2156 935 2186; x_wconf 90' lang='grc'><strong><em>,</em></strong></span> <span class='ocrx_word' id='word_1_145' title='bbox 962 2107 1008 2181; x_wconf 83' lang='grc' dir='ltr'>εἰς</span> <span class='ocrx_word' id='word_1_146' title='bbox 1038 2107 1261 2188; x_wconf 76' lang='grc' dir='ltr'><strong><em>δομεστάιοος,</em></strong></span> 
     </span>
    </p>

    <p class='ocr_par' dir='ltr' id='par_1_14' title="bbox 154 2197 1260 2292">
     <span class='ocr_line' id='line_1_22' title="bbox 154 2197 1260 2292; baseline 0 -24"><span class='ocrx_word' id='word_1_147' title='bbox 154 2202 201 2279; x_wconf 77' lang='grc' dir='ltr'>εἷς</span> <span class='ocrx_word' id='word_1_148' title='bbox 227 2197 360 2288; x_wconf 74' lang='grc' dir='ltr'><strong><em>κριτὰς,</em></strong></span> <span class='ocrx_word' id='word_1_149' title='bbox 387 2203 435 2278; x_wconf 82' lang='grc' dir='ltr'>εἰς</span> <span class='ocrx_word' id='word_1_150' title='bbox 466 2200 665 2290; x_wconf 79' lang='grc' dir='ltr'><strong><em>οτιιριτικούς</em></strong></span> <span class='ocrx_word' id='word_1_151' title='bbox 676 2253 687 2286; x_wconf 84' lang='grc'><strong><em>,</em></strong></span> <span class='ocrx_word' id='word_1_152' title='bbox 716 2205 763 2278; x_wconf 77' lang='grc' dir='ltr'>εἰς</span> <span class='ocrx_word' id='word_1_153' title='bbox 790 2200 1007 2290; x_wconf 75' lang='grc' dir='ltr'><strong><em>δημοκράτας,</em></strong></span> <span class='ocrx_word' id='word_1_154' title='bbox 1034 2207 1080 2284; x_wconf 78' lang='grc' dir='ltr'>εἰς</span> <span class='ocrx_word' id='word_1_155' title='bbox 1107 2201 1176 2270; x_wconf 79' lang='grc' dir='ltr'><strong><em>ἴδια</em></strong></span> <span class='ocrx_word' id='word_1_156' title='bbox 1197 2203 1260 2292; x_wconf 82' lang='grc' dir='ltr'>ὄφ-</span> 
     </span>
    </p>

    <p class='ocr_par' dir='ltr' id='par_1_15' title="bbox 113 2302 1287 2485">
     <span class='ocr_line' id='line_1_23' title="bbox 113 2302 1287 2392; baseline -0.003 -30"><span class='ocrx_word' id='word_1_157' title='bbox 113 2302 259 2392; x_wconf 65' lang='lat' dir='ltr'>¹chs&#39;ssua.</span> <span class='ocrx_word' id='word_1_158' title='bbox 1266 2305 1287 2358; x_wconf 76' lang='lat' dir='ltr'>B</span> 
     </span>
     <span class='ocr_line' id='line_1_24' title="bbox 230 2407 694 2485; baseline -0.004 -20"><span class='ocrx_word' id='word_1_159' title='bbox 230 2410 269 2465; x_wconf 79' lang='lat'>15.</span> <span class='ocrx_word' id='word_1_160' title='bbox 289 2409 348 2466; x_wconf 76' lang='grc' dir='ltr'><strong><em>τάν</em></strong></span> <span class='ocrx_word' id='word_1_161' title='bbox 364 2407 503 2485; x_wconf 73' lang='grc' dir='ltr'><strong><em>ἀριδμοῖν</em></strong></span> <span class='ocrx_word' id='word_1_162' title='bbox 520 2411 583 2471; x_wconf 84' lang='lat' dir='ltr'>cod.</span> <span class='ocrx_word' id='word_1_163' title='bbox 604 2419 633 2467; x_wconf 89' lang='lat' dir='ltr'>ct</span> <span class='ocrx_word' id='word_1_164' title='bbox 651 2411 694 2466; x_wconf 90' lang='lat' dir='ltr'>ed.</span> 
     </span>
    </p>
   </div>
   <div class='ocr_carea' id='block_1_11' title="bbox 153 2503 1261 2933">
    <p class='ocr_par' dir='ltr' id='par_1_16' title="bbox 153 2503 1261 2933">
     <span class='ocr_line' id='line_1_25' title="bbox 154 2503 1259 2577; baseline -0.002 -16"><span class='ocrx_word' id='word_1_165' title='bbox 154 2508 219 2561; x_wconf 86' lang='lat' dir='ltr'>tuiis</span> <span class='ocrx_word' id='word_1_166' title='bbox 238 2515 287 2560; x_wconf 90' lang='lat' dir='ltr'>aut</span> <span class='ocrx_word' id='word_1_167' title='bbox 313 2507 468 2577; x_wconf 75' lang='lat' dir='ltr'>insignibus</span> <span class='ocrx_word' id='word_1_168' title='bbox 495 2508 674 2568; x_wconf 86' lang='lat' dir='ltr'>tribuuntur,</span> <span class='ocrx_word' id='word_1_169' title='bbox 692 2504 855 2575; x_wconf 87' lang='lat' dir='ltr'>dignitates,</span> <span class='ocrx_word' id='word_1_170' title='bbox 886 2522 919 2559; x_wconf 90' lang='lat' dir='ltr'>eo</span> <span class='ocrx_word' id='word_1_171' title='bbox 941 2522 1025 2577; x_wconf 89' lang='lat' dir='ltr'>quern</span> <span class='ocrx_word' id='word_1_172' title='bbox 1040 2522 1104 2559; x_wconf 83' lang='lat' dir='ltr'>mox</span> <span class='ocrx_word' id='word_1_173' title='bbox 1121 2503 1259 2570; x_wconf 84' lang='lat' dir='ltr'>dicemus,</span> 
     </span>
     <span class='ocr_line' id='line_1_26' title="bbox 155 2576 1258 2649; baseline -0.002 -20"><span class='ocrx_word' id='word_1_174' title='bbox 155 2576 257 2630; x_wconf 83' lang='lat' dir='ltr'>ordine</span> <span class='ocrx_word' id='word_1_175' title='bbox 272 2593 459 2647; x_wconf 82' lang='lat' dir='ltr'>numeroque,</span> <span class='ocrx_word' id='word_1_176' title='bbox 477 2594 532 2649; x_wconf 87' lang='lat' dir='ltr'>quo</span> <span class='ocrx_word' id='word_1_177' title='bbox 550 2580 634 2629; x_wconf 83' lang='lat' dir='ltr'>ctiam</span> <span class='ocrx_word' id='word_1_178' title='bbox 652 2577 868 2628; x_wconf 85' lang='lat' dir='ltr'>consuetudines</span> <span class='ocrx_word' id='word_1_179' title='bbox 896 2585 1036 2646; x_wconf 86' lang='lat' dir='ltr'>praestare</span> <span class='ocrx_word' id='word_1_180' title='bbox 1057 2576 1170 2633; x_wconf 82' lang='lat' dir='ltr'>debent.</span> <span class='ocrx_word' id='word_1_181' title='bbox 1205 2577 1258 2627; x_wconf 87' lang='lat' dir='ltr'>Di-</span> 
     </span>
     <span class='ocr_line' id='line_1_27' title="bbox 154 2645 1260 2719; baseline 0 -20"><span class='ocrx_word' id='word_1_182' title='bbox 154 2650 292 2719; x_wconf 86' lang='lat' dir='ltr'>gnitatum</span> <span class='ocrx_word' id='word_1_183' title='bbox 307 2647 442 2718; x_wconf 81' lang='lat' dir='ltr'>quaedam</span> <span class='ocrx_word' id='word_1_184' title='bbox 456 2646 585 2711; x_wconf 84' lang='lat' dir='ltr'>brabeis,</span> <span class='ocrx_word' id='word_1_185' title='bbox 604 2648 675 2700; x_wconf 81' lang='lat' dir='ltr'>aliae</span> <span class='ocrx_word' id='word_1_186' title='bbox 693 2645 881 2698; x_wconf 82' lang='lat' dir='ltr'>solo&#39;Domini</span> <span class='ocrx_word' id='word_1_187' title='bbox 903 2648 995 2699; x_wconf 88' lang='lat' dir='ltr'>edicto</span> <span class='ocrx_word' id='word_1_188' title='bbox 1014 2648 1212 2715; x_wconf 75' lang='lat' dir='ltr'>impetrantur,</span> <span class='ocrx_word' id='word_1_189' title='bbox 1230 2654 1260 2699; x_wconf 89' lang='lat' dir='ltr'>et</span> 
     </span>
     <span class='ocr_line' id='line_1_28' title="bbox 155 2714 1261 2788; baseline -0.004 -16"><span class='ocrx_word' id='word_1_190' title='bbox 155 2718 322 2772; x_wconf 72' lang='lat' dir='ltr'>comitantur</span> <span class='ocrx_word' id='word_1_191' title='bbox 335 2719 398 2770; x_wconf 86' lang='lat' dir='ltr'>illas</span> <span class='ocrx_word' id='word_1_192' title='bbox 412 2718 534 2788; x_wconf 88' lang='lat' dir='ltr'>priores,</span> <span class='ocrx_word' id='word_1_193' title='bbox 552 2724 582 2769; x_wconf 88' lang='lat' dir='ltr'>et</span> <span class='ocrx_word' id='word_1_194' title='bbox 600 2716 736 2769; x_wconf 90' lang='lat' dir='ltr'>cumillis</span> <span class='ocrx_word' id='word_1_195' title='bbox 758 2714 858 2769; x_wconf 86' lang='lat' dir='ltr'>eodem</span> <span class='ocrx_word' id='word_1_196' title='bbox 877 2722 1002 2785; x_wconf 88' lang='lat' dir='ltr'>tempore</span> <span class='ocrx_word' id='word_1_197' title='bbox 1022 2721 1136 2783; x_wconf 88' lang='lat' dir='ltr'>possunt</span> <span class='ocrx_word' id='word_1_198' title='bbox 1157 2716 1193 2767; x_wconf 91' lang='lat' dir='ltr'>ab</span> <span class='ocrx_word' id='word_1_199' title='bbox 1210 2732 1261 2768; x_wconf 88' lang='lat' dir='ltr'>eo·</span> 
     </span>
     <span class='ocr_line' id='line_1_29' title="bbox 154 2786 1260 2871; baseline -0.002 -30"><span class='ocrx_word' id='word_1_200' title='bbox 154 2788 219 2841; x_wconf 84' lang='lat' dir='ltr'>dem</span> <span class='ocrx_word' id='word_1_201' title='bbox 236 2790 300 2871; x_wconf 87' lang='lat' dir='ltr'>geri.</span> <span class='ocrx_word' id='word_1_202' title='bbox 339 2788 484 2858; x_wconf 78' lang='lat' dir='ltr'>Quaedam</span> <span class='ocrx_word' id='word_1_203' title='bbox 502 2788 589 2840; x_wconf 88' lang='lat' dir='ltr'>semel</span> <span class='ocrx_word' id='word_1_204' title='bbox 606 2786 730 2840; x_wconf 86' lang='lat' dir='ltr'>tributae</span> <span class='ocrx_word' id='word_1_205' title='bbox 746 2793 913 2843; x_wconf 73' lang='lat' dir='ltr'>constanter,</span> <span class='ocrx_word' id='word_1_206' title='bbox 924 2786 1086 2853; x_wconf 77' lang='lat' dir='ltr'>inhaerent5</span> <span class='ocrx_word' id='word_1_207' title='bbox 1113 2786 1185 2841; x_wconf 82' lang='lat' dir='ltr'>aliae</span> <span class='ocrx_word' id='word_1_208' title='bbox 1203 2787 1260 2841; x_wconf 85' lang='lat' dir='ltr'>levi</span> 
     </span>
     <span class='ocr_line' id='line_1_30' title="bbox 153 2856 992 2933; baseline -0.001 -21"><span class='ocrx_word' id='word_1_209' title='bbox 153 2869 267 2933; x_wconf 78' lang='lat' dir='ltr'>negotio</span> <span class='ocrx_word' id='word_1_210' title='bbox 287 2876 380 2912; x_wconf 91' lang='lat' dir='ltr'>rursus</span> <span class='ocrx_word' id='word_1_211' title='bbox 398 2857 525 2911; x_wconf 86' lang='lat' dir='ltr'>ademtae</span> <span class='ocrx_word' id='word_1_212' title='bbox 543 2857 580 2909; x_wconf 84' lang='lat' dir='ltr'>ab</span> <span class='ocrx_word' id='word_1_213' title='bbox 598 2874 654 2911; x_wconf 88' lang='lat' dir='ltr'>ono</span> <span class='ocrx_word' id='word_1_214' title='bbox 676 2856 712 2910; x_wconf 87' lang='lat' dir='ltr'>ad</span> <span class='ocrx_word' id='word_1_215' title='bbox 730 2857 848 2911; x_wconf 84' lang='lat' dir='ltr'>alterum</span> <span class='ocrx_word' id='word_1_216' title='bbox 866 2859 992 2925; x_wconf 81' lang='lat' dir='ltr'>migrant</span> 
     </span>
    </p>
   </div>
   <div class='ocr_carea' id='block_1_12' title="bbox 233 3008 1188 3058">
    <p class='ocr_par' dir='ltr' id='par_1_17' title="bbox 233 3008 1188 3058">
     <span class='ocr_line' id='line_1_31' title="bbox 233 3008 1188 3058; baseline -0.006 -10"><span class='ocrx_word' id='word_1_217' title='bbox 233 3014 268 3049; x_wconf 67' lang='lat' dir='ltr'>D!</span> <span class='ocrx_word' id='word_1_218' title='bbox 290 3012 438 3051; x_wconf 66' lang='lat' dir='ltr'>OGTODBCIU</span> <span class='ocrx_word' id='word_1_219' title='bbox 460 3010 663 3055; x_wconf 65' lang='lat' dir='ltr'>Dlssfl&#39;ffllllld,</span> <span class='ocrx_word' id='word_1_220' title='bbox 681 3009 750 3058; x_wconf 73' lang='lat' dir='ltr'>Qliss</span> <span class='ocrx_word' id='word_1_221' title='bbox 768 3011 824 3047; x_wconf 80' lang='lat' dir='ltr'>cult</span> <span class='ocrx_word' id='word_1_222' title='bbox 843 3008 993 3047; x_wconf 73' lang='lat' dir='ltr'>trstottluus</span> <span class='ocrx_word' id='word_1_223' title='bbox 1010 3008 1188 3047; x_wconf 69' lang='lat' dir='ltr'>urrunnun·</span> 
     </span>
    </p>
   </div>
   <div class='ocr_carea' id='block_1_13' title="bbox 154 3093 1262 3364">
    <p class='ocr_par' dir='ltr' id='par_1_18' title="bbox 154 3093 1262 3364">
     <span class='ocr_line' id='line_1_32' title="bbox 225 3093 1262 3221; baseline 0.001 -71"><span class='ocrx_word' id='word_1_224' title='bbox 225 3098 304 3221; x_wconf 48' lang='lat' dir='ltr'>(ipae</span> <span class='ocrx_word' id='word_1_225' title='bbox 323 3116 385 3151; x_wconf 88' lang='lat' dir='ltr'>cum</span> <span class='ocrx_word' id='word_1_226' title='bbox 399 3097 556 3169; x_wconf 78' lang='lat' dir='ltr'>insignibus</span> <span class='ocrx_word' id='word_1_227' title='bbox 568 3095 685 3163; x_wconf 59' lang='lat' dir='ltr'>matur,</span> <span class='ocrx_word' id='word_1_228' title='bbox 706 3103 735 3148; x_wconf 91' lang='lat' dir='ltr'>ct</span> <span class='ocrx_word' id='word_1_229' title='bbox 750 3095 836 3148; x_wconf 91' lang='lat' dir='ltr'>semel</span> <span class='ocrx_word' id='word_1_230' title='bbox 854 3093 935 3149; x_wconf 85' lang='lat' dir='ltr'>datae</span> <span class='ocrx_word' id='word_1_231' title='bbox 951 3114 1042 3149; x_wconf 89' lang='lat' dir='ltr'>rursus</span> <span class='ocrx_word' id='word_1_232' title='bbox 1060 3112 1116 3149; x_wconf 90' lang='lat' dir='ltr'>non</span> <span class='ocrx_word' id='word_1_233' title='bbox 1132 3096 1262 3151; x_wconf 82' lang='lat' dir='ltr'>adimun-</span> 
     </span>
     <span class='ocr_line' id='line_1_33' title="bbox 154 3164 1261 3239; baseline -0.002 -17"><span class='ocrx_word' id='word_1_234' title='bbox 154 3176 216 3232; x_wconf 85' lang='lat' dir='ltr'>tur,</span> <span class='ocrx_word' id='word_1_235' title='bbox 254 3170 384 3239; x_wconf 79' lang='lat' dir='ltr'>&#39;gnitutes</span> <span class='ocrx_word' id='word_1_236' title='bbox 401 3171 432 3219; x_wconf 91' lang='lat' dir='ltr'>in</span> <span class='ocrx_word' id='word_1_237' title='bbox 446 3170 605 3221; x_wconf 83' lang='lat' dir='ltr'>universum</span> <span class='ocrx_word' id='word_1_238' title='bbox 618 3182 735 3219; x_wconf 88' lang='lat' dir='ltr'>numero</span> <span class='ocrx_word' id='word_1_239' title='bbox 750 3173 816 3219; x_wconf 89' lang='lat' dir='ltr'>sunt</span> <span class='ocrx_word' id='word_1_240' title='bbox 829 3164 991 3219; x_wconf 86' lang='lat' dir='ltr'>octodecim.</span> <span class='ocrx_word' id='word_1_241' title='bbox 1028 3166 1261 3221; x_wconf 82' lang='lat' dir='ltr'>Dividunturau·</span> 
     </span>
     <span class='ocr_line' id='line_1_34' title="bbox 155 3237 1260 3364; baseline 0.002 -74"><span class='ocrx_word' id='word_1_242' title='bbox 155 3238 346 3364; x_wconf 47' lang='lat' dir='ltr'>gpfippuplpas</span> <span class='ocrx_word' id='word_1_243' title='bbox 364 3241 481 3307; x_wconf 80' lang='lat' dir='ltr'>classes,</span> <span class='ocrx_word' id='word_1_244' title='bbox 500 3254 619 3310; x_wconf 86' lang='lat' dir='ltr'>quarum</span> <span class='ocrx_word' id='word_1_245' title='bbox 636 3251 719 3290; x_wconf 83' lang='lat' dir='ltr'>unam</span> <span class='ocrx_word' id='word_1_246' title='bbox 736 3237 884 3300; x_wconf 89' lang='lat' dir='ltr'>senatorii,</span> <span class='ocrx_word' id='word_1_247' title='bbox 912 3238 1028 3291; x_wconf 81' lang='lat' dir='ltr'>alteram</span> <span class='ocrx_word' id='word_1_248' title='bbox 1041 3241 1260 3309; x_wconf 81' lang='lat' dir='ltr'>processionales</span> 
     </span>
    </p>
   </div>
   <div class='ocr_carea' id='block_1_14' title="bbox 228 3412 1187 3478">
    <p class='ocr_par' dir='ltr' id='par_1_19' title="bbox 228 3412 1187 3478">
     <span class='ocr_line' id='line_1_35' title="bbox 228 3412 1187 3478; baseline -0.001 -13"><span class='ocrx_word' id='word_1_249' title='bbox 228 3432 261 3465; x_wconf 83' lang='lat' dir='ltr'>ns</span> <span class='ocrx_word' id='word_1_250' title='bbox 278 3430 313 3467; x_wconf 87' lang='lat' dir='ltr'>rrs</span> <span class='ocrx_word' id='word_1_251' title='bbox 334 3420 516 3468; x_wconf 79' lang='lat' dir='ltr'>orcanlrrsos</span> <span class='ocrx_word' id='word_1_252' title='bbox 526 3452 535 3478; x_wconf 91' lang='lat'>,</span> <span class='ocrx_word' id='word_1_253' title='bbox 556 3428 627 3476; x_wconf 79' lang='lat' dir='ltr'>onas</span> <span class='ocrx_word' id='word_1_254' title='bbox 642 3428 708 3466; x_wconf 80' lang='lat' dir='ltr'>soro</span> <span class='ocrx_word' id='word_1_255' title='bbox 726 3412 857 3465; x_wconf 66' lang='lat' dir='ltr'>passerius</span> <span class='ocrx_word' id='word_1_256' title='bbox 872 3430 967 3469; x_wconf 80' lang='grc' dir='ltr'><strong><em>τοιοτο</em></strong></span> <span class='ocrx_word' id='word_1_257' title='bbox 987 3430 1187 3468; x_wconf 78' lang='lat' dir='ltr'>correanrrna.</span> 
     </span>
    </p>
   </div>
   <div class='ocr_carea' id='block_1_15' title="bbox 156 3514 1260 4158">
    <p class='ocr_par' dir='ltr' id='par_1_20' title="bbox 156 3514 1260 4158">
     <span class='ocr_line' id='line_1_36' title="bbox 227 3514 1260 3591; baseline -0.003 -19"><span class='ocrx_word' id='word_1_258' title='bbox 227 3520 306 3591; x_wconf 86' lang='lat' dir='ltr'>Quae</span> <span class='ocrx_word' id='word_1_259' title='bbox 324 3518 472 3588; x_wconf 83' lang='lat' dir='ltr'>dignitates</span> <span class='ocrx_word' id='word_1_260' title='bbox 493 3516 683 3587; x_wconf 87' lang='lat' dir='ltr'>superioribus</span> <span class='ocrx_word' id='word_1_261' title='bbox 702 3534 751 3587; x_wconf 91' lang='lat' dir='ltr'>per</span> <span class='ocrx_word' id='word_1_262' title='bbox 775 3514 864 3569; x_wconf 88' lang='lat' dir='ltr'>solam</span> <span class='ocrx_word' id='word_1_263' title='bbox 883 3518 998 3570; x_wconf 89' lang='lat' dir='ltr'>Domini</span> <span class='ocrx_word' id='word_1_264' title='bbox 1024 3518 1145 3571; x_wconf 87' lang='lat' dir='ltr'>edictum</span> <span class='ocrx_word' id='word_1_265' title='bbox 1166 3532 1260 3569; x_wconf 84' lang='lat' dir='ltr'>accre-</span> 
     </span>
     <span class='ocr_line' id='line_1_37' title="bbox 156 3587 1259 3658; baseline -0.005 -13"><span class='ocrx_word' id='word_1_266' title='bbox 156 3601 237 3645; x_wconf 86' lang='lat' dir='ltr'>scunt</span> <span class='ocrx_word' id='word_1_267' title='bbox 253 3599 283 3645; x_wconf 87' lang='lat' dir='ltr'>et</span> <span class='ocrx_word' id='word_1_268' title='bbox 297 3591 466 3643; x_wconf 81' lang='lat' dir='ltr'>exercendae</span> <span class='ocrx_word' id='word_1_269' title='bbox 487 3588 688 3643; x_wconf 85' lang='lat' dir='ltr'>iurisdictionis</span> <span class='ocrx_word' id='word_1_270' title='bbox 708 3588 900 3641; x_wconf 85' lang='lat' dir='ltr'>auctoritatem</span> <span class='ocrx_word' id='word_1_271' title='bbox 924 3587 978 3641; x_wconf 92' lang='lat' dir='ltr'>hoc</span> <span class='ocrx_word' id='word_1_272' title='bbox 997 3588 1080 3642; x_wconf 87' lang='lat' dir='ltr'>modo</span> <span class='ocrx_word' id='word_1_273' title='bbox 1103 3589 1259 3658; x_wconf 85' lang='lat' dir='ltr'>accipiunt,</span> 
     </span>
     <span class='ocr_line' id='line_1_38' title="bbox 156 3656 1257 3729; baseline -0.006 -14"><span class='ocrx_word' id='word_1_274' title='bbox 156 3663 271 3715; x_wconf 90' lang='lat' dir='ltr'>suntin</span> <span class='ocrx_word' id='word_1_275' title='bbox 289 3664 448 3714; x_wconf 83' lang='lat' dir='ltr'>universum</span> <span class='ocrx_word' id='word_1_276' title='bbox 466 3677 581 3713; x_wconf 88' lang='lat' dir='ltr'>numero</span> <span class='ocrx_word' id='word_1_277' title='bbox 596 3660 746 3729; x_wconf 77' lang='lat' dir='ltr'>sexaginta.</span> <span class='ocrx_word' id='word_1_278' title='bbox 782 3656 855 3722; x_wconf 86' lang='lat' dir='ltr'>llac,</span> <span class='ocrx_word' id='word_1_279' title='bbox 873 3668 904 3712; x_wconf 89' lang='lat' dir='ltr'>ut</span> <span class='ocrx_word' id='word_1_280' title='bbox 919 3658 1057 3723; x_wconf 77' lang='lat' dir='ltr'>diximus,</span> <span class='ocrx_word' id='word_1_281' title='bbox 1076 3676 1109 3711; x_wconf 82' lang='lat' dir='ltr'>cx</span> <span class='ocrx_word' id='word_1_282' title='bbox 1126 3657 1257 3711; x_wconf 84' lang='lat' dir='ltr'>mandato</span> 
     </span>
     <span class='ocr_line' id='line_1_39' title="bbox 157 3728 1258 3798; baseline -0.007 -11"><span class='ocrx_word' id='word_1_283' title='bbox 157 3734 273 3787; x_wconf 87' lang='lat' dir='ltr'>Domini</span> <span class='ocrx_word' id='word_1_284' title='bbox 285 3732 328 3785; x_wconf 55' lang='lat' dir='ltr'>ab*</span> <span class='ocrx_word' id='word_1_285' title='bbox 336 3750 392 3785; x_wconf 89' lang='lat' dir='ltr'>ano</span> <span class='ocrx_word' id='word_1_286' title='bbox 406 3730 442 3781; x_wconf 86' lang='lat' dir='ltr'>ad</span> <span class='ocrx_word' id='word_1_287' title='bbox 454 3734 571 3783; x_wconf 83' lang='lat' dir='ltr'>alteram</span> <span class='ocrx_word' id='word_1_288' title='bbox 582 3730 693 3783; x_wconf 81' lang='lat' dir='ltr'>ablatae</span> <span class='ocrx_word' id='word_1_289' title='bbox 706 3728 904 3798; x_wconf 85' lang='lat' dir='ltr'>transmigrant.</span> <span class='ocrx_word' id='word_1_290' title='bbox 940 3730 1153 3783; x_wconf 89' lang='lat' dir='ltr'>Distribunntur</span> <span class='ocrx_word' id='word_1_291' title='bbox 1165 3731 1193 3780; x_wconf 91' lang='lat' dir='ltr'>in</span> <span class='ocrx_word' id='word_1_292' title='bbox 1209 3743 1258 3779; x_wconf 80' lang='lat' dir='ltr'>sex</span> 
     </span>
     <span class='ocr_line' id='line_1_40' title="bbox 158 3798 1258 3873; baseline -0.006 -18"><span class='ocrx_word' id='word_1_293' title='bbox 158 3804 274 3865; x_wconf 88' lang='lat' dir='ltr'>classes,</span> <span class='ocrx_word' id='word_1_294' title='bbox 291 3819 392 3873; x_wconf 87' lang='lat' dir='ltr'>nempe</span> <span class='ocrx_word' id='word_1_295' title='bbox 409 3803 440 3853; x_wconf 91' lang='lat' dir='ltr'>in</span> <span class='ocrx_word' id='word_1_296' title='bbox 457 3809 589 3871; x_wconf 85' lang='lat' dir='ltr'>strategos</span> <span class='ocrx_word' id='word_1_297' title='bbox 610 3799 667 3873; x_wconf 82' lang='lat' dir='ltr'>[rel</span> <span class='ocrx_word' id='word_1_298' title='bbox 686 3801 715 3853; x_wconf 90' lang='lat' dir='ltr'>in</span> <span class='ocrx_word' id='word_1_299' title='bbox 732 3808 889 3867; x_wconf 87' lang='lat' dir='ltr'>praetores,</span> <span class='ocrx_word' id='word_1_300' title='bbox 907 3807 957 3852; x_wconf 88' lang='lat' dir='ltr'>aut</span> <span class='ocrx_word' id='word_1_301' title='bbox 968 3802 1111 3870; x_wconf 81' lang='lat' dir='ltr'>magistros</span> <span class='ocrx_word' id='word_1_302' title='bbox 1126 3798 1258 3861; x_wconf 88' lang='lat' dir='ltr'>militum,</span> 
     </span>
     <span class='ocr_line' id='line_1_41' title="bbox 158 3870 1257 3946; baseline -0.006 -19"><span class='ocrx_word' id='word_1_303' title='bbox 158 3881 208 3927; x_wconf 79' lang='lat' dir='ltr'>aut</span> <span class='ocrx_word' id='word_1_304' title='bbox 231 3882 349 3926; x_wconf 88' lang='lat' dir='ltr'>rectores</span> <span class='ocrx_word' id='word_1_305' title='bbox 376 3872 611 3946; x_wconf 61' lang='lat' dir='ltr'>provinciarum]</span> <span class='ocrx_word' id='word_1_306' title='bbox 645 3873 675 3924; x_wconf 89' lang='lat' dir='ltr'>in</span> <span class='ocrx_word' id='word_1_307' title='bbox 711 3870 892 3934; x_wconf 87' lang='lat' dir='ltr'>domesticos,</span> <span class='ocrx_word' id='word_1_308' title='bbox 923 3870 953 3922; x_wconf 91' lang='lat' dir='ltr'>in</span> <span class='ocrx_word' id='word_1_309' title='bbox 989 3870 1095 3923; x_wconf 89' lang='lat' dir='ltr'>iudices</span> <span class='ocrx_word' id='word_1_310' title='bbox 1124 3885 1257 3924; x_wconf 70' lang='lat' dir='ltr'>exercen-</span> 
     </span>
     <span class='ocr_line' id='line_1_42' title="bbox 160 3937 1258 4010; baseline -0.006 -13"><span class='ocrx_word' id='word_1_311' title='bbox 160 3944 214 3997; x_wconf 84' lang='lat' dir='ltr'>dae</span> <span class='ocrx_word' id='word_1_312' title='bbox 229 3943 354 3995; x_wconf 87' lang='lat' dir='ltr'>institiae</span> <span class='ocrx_word' id='word_1_313' title='bbox 370 3944 489 4010; x_wconf 73' lang='lat' dir='ltr'>forami,</span> <span class='ocrx_word' id='word_1_314' title='bbox 507 3946 538 3997; x_wconf 92' lang='lat' dir='ltr'>in</span> <span class='ocrx_word' id='word_1_315' title='bbox 554 3942 701 3996; x_wconf 87' lang='lat' dir='ltr'>secreticos</span> <span class='ocrx_word' id='word_1_316' title='bbox 722 3942 880 3995; x_wconf 80' lang='lat' dir='ltr'>scriniarios</span> <span class='ocrx_word' id='word_1_317' title='bbox 894 3940 940 3993; x_wconf 81' lang='lat' dir='ltr'>vel</span> <span class='ocrx_word' id='word_1_318' title='bbox 956 3950 1137 4007; x_wconf 86' lang='lat' dir='ltr'>secretorum;</span> <span class='ocrx_word' id='word_1_319' title='bbox 1158 3941 1188 3991; x_wconf 90' lang='lat' dir='ltr'>in</span> <span class='ocrx_word' id='word_1_320' title='bbox 1206 3937 1258 3990; x_wconf 89' lang='lat' dir='ltr'>dc·</span> 
     </span>
     <span class='ocr_line' id='line_1_43' title="bbox 159 4009 1258 4085; baseline -0.005 -17"><span class='ocrx_word' id='word_1_321' title='bbox 159 4021 294 4068; x_wconf 77' lang='lat' dir='ltr'>macretas</span> <span class='ocrx_word' id='word_1_322' title='bbox 311 4015 357 4067; x_wconf 80' lang='lat' dir='ltr'>vel</span> <span class='ocrx_word' id='word_1_323' title='bbox 373 4016 549 4085; x_wconf 87' lang='lat' dir='ltr'>popularium</span> <span class='ocrx_word' id='word_1_324' title='bbox 566 4014 719 4066; x_wconf 83' lang='lat' dir='ltr'>lactionum</span> <span class='ocrx_word' id='word_1_325' title='bbox 736 4012 895 4079; x_wconf 80' lang='lat' dir='ltr'>magistros,</span> <span class='ocrx_word' id='word_1_326' title='bbox 913 4020 942 4065; x_wconf 89' lang='lat' dir='ltr'>ct</span> <span class='ocrx_word' id='word_1_327' title='bbox 953 4014 984 4063; x_wconf 93' lang='lat' dir='ltr'>in</span> <span class='ocrx_word' id='word_1_328' title='bbox 995 4010 1147 4082; x_wconf 77' lang='lat' dir='ltr'>peculiaria</span> <span class='ocrx_word' id='word_1_329' title='bbox 1165 4009 1258 4063; x_wconf 80' lang='lat' dir='ltr'>allicis</span> 
     </span>
     <span class='ocr_line' id='line_1_44' title="bbox 160 4080 1145 4158; baseline -0.008 -17"><span class='ocrx_word' id='word_1_330' title='bbox 160 4101 210 4141; x_wconf 86' lang='lat' dir='ltr'>sen</span> <span class='ocrx_word' id='word_1_331' title='bbox 228 4100 348 4157; x_wconf 76' lang='lat' dir='ltr'>quoram</span> <span class='ocrx_word' id='word_1_332' title='bbox 365 4086 474 4158; x_wconf 75' lang='lat' dir='ltr'>ringula</span> <span class='ocrx_word' id='word_1_333' title='bbox 491 4102 508 4139; x_wconf 82' lang='lat' dir='ltr'>s</span> <span class='ocrx_word' id='word_1_334' title='bbox 524 4085 591 4143; x_wconf 77' lang='lat' dir='ltr'>airis</span> <span class='ocrx_word' id='word_1_335' title='bbox 610 4083 745 4157; x_wconf 80' lang='lat' dir='ltr'>singulis,</span> <span class='ocrx_word' id='word_1_336' title='bbox 766 4100 823 4137; x_wconf 87' lang='lat' dir='ltr'>non</span> <span class='ocrx_word' id='word_1_337' title='bbox 841 4080 987 4155; x_wconf 86' lang='lat' dir='ltr'>pluribus,</span> <span class='ocrx_word' id='word_1_338' title='bbox 1005 4090 1145 4153; x_wconf 87' lang='lat' dir='ltr'>geruntur.</span> 
     </span>
    </p>
   </div>
   <div class='ocr_carea' id='block_1_16' title="bbox 0 0 1541 4825">
    <p class='ocr_par' dir='ltr' id='par_1_21' title="bbox 0 0 1541 4825">
     <span class='ocr_line' id='line_1_45' title="bbox 0 0 1541 4825; baseline 0 0"><span class='ocrx_word' id='word_1_339' title='bbox 0 0 1541 4825; x_wconf 95' lang='lat' dir='ltr'> </span> 
     </span>
    </p>
   </div>
  </div>
 </body>
</html>
