3042 4825
262 147 352 256 dut
476 171 746 244 consrrnnnr
775 161 1142 246 rommnoontm

265 331 455 418 φονον,καί
481 329 620 416 κάθηται
642 329 687 418 τῷ
708 329 793 420 λππρ
813 323 893 418 άχρι
909 326 1111 417 Ἔλενιανῶν,
1132 335 1190 400 καὶ
1206 337 1358 422 κατάρχει

264 454 320 494 ται
340 431 414 509 ἐκεῖ,
436 451 488 494 και
508 427 631 520 ἀπαντᾷ
650 427 738 516 αύτῷ
758 429 777 494 o‘
799 427 905 518 φύλαξ
923 433 982 496 τοῦ
995 433 1164 522 παλατιλιο,
1184 434 1241 498 καί
1259 456 1359 518 προσ.

230 516 234 530 “
263 535 366 609 κυνεῖ,
396 525 451 591 ε’άν
478 523 522 612 μὴ
551 525 600 612 εἴη
628 525 783 614 κνριακὴ,
814 525 894 612 μετά
915 524 961 597 ’τύ
991 532 1146 597 εἰσελθεῖν
1172 527 1273 596 αύτύν
1298 527 1358 616 τὴν

263 623 369 712 θύραν
388 627 446 690 τοῦ
465 621 632 692 notariae.
672 625 728 691 καί
748 624 805 692 ἐάν
825 625 873 712 εἴη
894 621 1124 712 άξιοοματικός,
1146 630 1275 713 δέχεται
1294 627 1359 693 αύ-

263 722 321 790 τὸν
341 720 404 790 α’πύ
425 721 603 806 στόματος·
645 727 716 791 ἐκεῖ
731 727 767 790 δὲ
789 719 874 816 αύτῷ
895 721 1023 818 άπαντρῖ
1041 725 1097 792 καί
1116 725 1135 792 ὅ
1155 725 1296 814 σταυρὸς
1319 723 1376 793 ἐκ5

264 825 375 902 δεξιῶν
407 822 510 889 αύτού
539 821 708 908 ἱστάμενος
739 827 790 892 ἐπ’
811 824 952 914 ἐδάφους
981 832 1038 893 καί
1061 828 1271 914 κρατούμενος
1290 821 1354 892 siud

263 926 326 991 seir
354 922 566 1010 βεστητόροον.
606 921 625 988 ὅ
646 924 682 990 di
710 922 876 1009 βασιλεύς1
892 923 1046 994 α’λλάσοει
1065 929 1112 1003 εἷς
1130 924 1167 991 τύ
1188 921 1358 1010 μουτατιύ-

267 1045 349 1108 ριον,
366 1019 422 1086 καὶ
440 1017 551 1105 βάλλει
570 1029 715 1104 καμπαῖα
735 1022 792 1090 καὶ
812 1021 926 1090 λευκύν
946 1019 1146 1112 αύρύκλαβον
1172 1023 1357 1111 διβητὴσιον

236 1117 325 1192 Duas*
347 1119 405 1206 τὴν
425 1123 595 1209 πορφυρᾶν
611 1123 780 1208 χλαμύδα,
801 1120 857 1189 καὶ
868 1126 989 1192 ἐκεῖθεν
1009 1125 1054 1201 ὦς
1073 1127 1109 1192 ε’ν
1129 1122 1271 1213 Μαρτιλρ
1293 1126 1359 1189 πᾶ-

265 1241 309 1286 σα
330 1218 351 1305 ἧ
373 1217 537 1306 διρεκτιαλν
555 1220 694 1306 γίνεται,
714 1223 771 1289 καὶ
784 1225 924 1311 κάθηται
943 1225 989 1301 εἷς
1007 1220 1065 1308 τὴν
1085 1224 1259 1310 καρούχαν,
1279 1246 1401 1310 προ·ιο
1417 1275 1423 1286 .

266 1321 444 1404 ηγοομένου
475 1319 534 1385 τού
554 1325 696 1407 σταυροῦ
715 1322 772 1388 καὶ
796 1326 860 1388 τῶν
878 1325 1062 1408 περσικιίον.
1101 1319 1300 1408 συγκάθρται
1321 1323 1359 1388 dd

261 1410 350 1514 αύτῷ
368 1419 425 1483 καί
445 1411 606 1506 (λ’προλτος
628 1423 807 1509 πατρίκιος,
828 1415 852 1508 ἦ
870 1415 905 1486 ὃν
922 1414 963 1486 ἂν
981 1422 1146 1510 ἐπιτρέψῃ,
1169 1423 1272 1509 priuis*
1291 1419 1355 1484 αύ-

261 1518 322 1582 τοῧ
340 1513 399 1594 τάς
415 1524 545 1603 χεῖρας·
589 1516 619 1596 οἱ
638 1518 700 1604 γάρ
723 1512 816 1586 άλλοι
836 1513 991 1608 ἄρχοντες
1009 1517 1283 1608 προλαμβάνουσι·
1302 1515 1361 1584 κατ’

260 1613 369 1686 ἔλθιύν
386 1619 430 1696 εἰς
450 1614 506 1685 τὸν
526 1615 626 1706 φόρον
647 1608 911 1705 Κωνσταντύνου,
937 1622 1130 1704 κατέρχεται
1158 1619 1195 1684 ἐκ
1222 1620 1281 1703 τῆς
1300 1641 1359 1681 κα-

260 1714 399 1805 ρούχας,
427 1715 484 1782 καὶ
508 1719 635 1801 δέχεται
661 1715 718 1784 τύν
739 1714 885 1805 ὕπαρχον
904 1721 961 1805 τῆς
988 1717 1108 1794 πόλεως
1127 1720 1185 1784 καί
1201 1715 1261 1802 τὴν
1280 1713 1403 1801 σύγ-15

262 1820 382 1901 κλητον.
422 1818 597 1904 προσφέρει
617 1817 654 1882 di
683 1815 773 1907 αύτῷ
793 1815 811 1883 ὅ
832 1818 957 1903 πρῶτος
976 1819 1042 1882 τῶν
1068 1818 1284 1901 συγκλητικῶν
1300 1835 1363 1898 με-

260 1912 301 1979 τά
321 1914 382 1978 τοῦ
402 1913 544 1998 ἐπάρχου
565 1917 621 2000 τῆς
641 1909 760 1990 πόλεως
786 1913 935 1997 μοδιὀλον
953 1915 1108 2001 χρυσοῦν.
1147 1911 1204 1978 κατ’
1221 1909 1302 1995 μετά
1322 1911 1359 1977 τύ

118 2011 422 2098 Ειλλ.π4ιιλέξασθαι
449 2008 569 2089 πάντας
600 2008 663 2076 α’πὸ
693 2013 869 2096 στόματος,
900 2003 1072 2098 άνὲρχεται
1099 2013 1145 2090 εἷς
1164 2009 1224 2098 τήν
1243 2008 1362 2098 sopori*

262 2133 343 2196 χαν,
376 2111 433 2176 καὶ
449 2107 546 2193 μόνος
566 2108 716 2196 κάθηται.
750 2107 951 2197 δηριχεύεται
972 2113 1008 2177 di
1026 2107 1090 2176 ύπύ
1111 2115 1176 2177 τῶν
1195 2117 1362 2198 συγκλητι-

265 2211 329 2278 sois
349 2207 405 2278 κού
421 2209 486 2276 triv
505 2203 683 2297 άρχόντοον,
711 2209 769 2276 καί
787 2208 917 2296 ἔρχεται
937 2212 984 2287 εἰς
1002 2207 1059 2298 τήν
1078 2211 1245 2299 ἐκκλησίαν
1264 2233 1404 2299 παρι-αο

335 2347 363 2404 8.
382 2342 539 2420 καμπύγια
557 2343 629 2399 coni.
648 2343 678 2402 tt.
750 2360 793 2405 so.
810 2345 928 2399 ΣΧΟΛ.
956 2342 1116 2416 ύψλκευοις.

266 2482 395 2548 rebitur,
414 2480 504 2537 donee
520 2480 557 2537 sd
573 2481 741 2538 Helenisnss
758 2479 874 2537 venerit
908 2479 954 2538 ibi
972 2489 1065 2537 sutem
1084 2480 1244 2549 deseendit,
1267 2488 1297 2536 et
1311 2498 1362 2537 oe·

223 2578 229 2589 ·
269 2556 355 2609 enrrit
373 2554 426 2626 ipsi
445 2559 536 2607 eustos
558 2554 671 2625 palatii,
701 2552 794 2627 [quod
811 2554 846 2607 sb
864 2554 971 2607 Helene
989 2571 1089 2608 nomen
1107 2552 1227 2628 hobet‚]
1258 2554 1364 2625 ingres·

267 2642 384 2697 sumque
404 2640 454 2693 per
471 2632 578 2698 portum
597 2626 712 2697 psletii‚
731 2642 802 2695 genu
820 2624 911 2688 flexo,
936 2624 991 2676 nisi
1008 2625 1068 2678 dies
1088 2622 1226 2677 dominica
1244 2624 1295 2688 sit,
1312 2623 1364 2677 sd-

268 2704 337 2750 orst.
371 2694 402 2748 Si
419 2704 510 2749 eustos
521 2696 624 2816 palatii
644 2696 725 2749 simul
743 2696 781 2748 sit
805 2696 983 2748 axiomaticus
1000 2712 1048 2747 seu
1066 2692 1235 2758 honoratus,
1259 2695 1362 2747 saintet

269 2782 332 2819 eum
351 2764 503 2837 Imperator
542 2766 641 2833 enigno
660 2766 793 2836 alloquio.
820 2764 929 2818 ibidem
948 2766 1001 2835 ipsi
1020 2782 1131 2837 quoque
1150 2765 1268 2817 occurrit
1284 2780 1362 2827 crux,

268 2834 347 2889 bumi
364 2836 418 2888 fixs
437 2834 472 2888 sd
495 2836 553 2889 eius
576 2836 697 2890 dextram
719 2846 809 2897 stans,
831 2853 912 2908 quam
934 2838 1078 2889 vestitores
1095 2840 1200 2887 tenent.
1235 2834 1361 2903 Impere-

268 2912 313 2958 tor
331 2912 390 2957 tum
410 2914 498 2958 mutnt
514 2913 601 2959 vestes
621 2908 649 2959 in
669 2908 833 2971 mutatorio,
852 2915 881 2962 et
898 2905 991 2958 induit
1009 2905 1146 2976 osmpsgis
1165 2912 1194 2957 et
1211 2898 1361 2957 onmium
1409 2964 1416 2977 ⁴

268 2975 440 3029 suroelsrum
463 2976 629 3030 dibetosiom
652 2984 680 3029 et
701 2993 866 3047 purpureum
891 2974 1076 3045 chlamydem
1101 2984 1131 3028 et
1153 2973 1219 3027 inde
1245 2974 1279 3025 fir
1300 2980 1362 3027 tots

269 3044 385 3099 directio
411 3062 459 3099 seu
481 3049 628 3101 comitatus
650 3048 860 3118 processionalis
886 3047 983 3100 eodem
1006 3046 1104 3109 modo,
1129 3053 1162 3098 ut
1188 3046 1274 3117 psuio
1295 3052 1360 3097 snts

268 3116 343 3170 seete
371 3114 463 3171 fuerst
486 3119 516 3170 in
543 3118 645 3189 Campo
677 3118 793 3184 Μττιίος
824 3126 854 3171 et
878 3116 1016 3171 inscendit
1039 3117 1190 3186 Imperator
1213 3116 1244 3168 in
1267 3130 1360 3167 απα-

269 3184 364 3249 obsm,
389 3196 541 3259 prseeunte
558 3203 636 3241 eruce
657 3195 686 3241 et
703 3187 836 3258 persieiis.
870 3188 1038 3241 Assessorem
1060 3184 1147 3239 hsbet
1163 3187 1194 3239 in
1211 3202 1291 3239 eurrn
1308 3200 1359 3238 ταο

268 3259 388 3328 primum
409 3260 576 3381 patricium,
600 3266 649 3310 uut
673 3275 865 3329 quemcunque
889 3258 992 3328 deliget
1016 3257 1116 3323 aliurn3
1139 3257 1188 3329 qni
1211 3272 1295 3330 quum
1314 3256 1360 3307 in-

271 3327 388 3391 scendit,
424 3331 585 3397 inperatoris
602 3346 695 3381 monus
715 3330 861 3383 osculatur.
893 3330 987 3383 Ceteri
1004 3343 1133 3397 proceres
1152 3344 1260 3380 currum
1277 3342 1361 3396 prse-

271 3396 380 3452 eedunt.
416 3398 470 3453 Ubi
494 3401 603 3454 venerit
623 3399 653 3452 in
680 3399 770 3452 forum
797 3399 983 3464 Constsntini,
1009 3398 1153 3451 descendit
1176 3396 1360 3461 ecsrmebs,

271 3475 301 3522 et
321 3468 424 3522 ssiutst
445 3471 612 3540 praefectum
631 3468 711 3523 Urbis
730 3477 759 3523 et
783 3478 913 3525 senatum.
948 3470 981 3522 In
997 3468 1042 3523 his
1059 3473 1137 3522 offert
1159 3467 1213 3538 ipsi
1230 3470 1360 3537 princeps

271 3546 426 3594 senatorum
444 3558 555 3612 unoque
572 3541 729 3612 praefectus
748 3540 830 3593 Urbis
856 3540 1007 3594 modiolum
1033 3538 1096 3611 {seu
1114 3538 1263 3608 repandsm
1280 3552 1362 3589 eoro-

271 3624 334 3663 nsm
370 3628 487 3664 aureum.
524 3612 588 3667 Post
603 3612 734 3665 salutatos
751 3611 841 3665 verbis
859 3620 997 3666 senatores
1017 3625 1111 3663 omnes
1138 3626 1231 3663 rursns
1244 3606 1362 3661 sdseen-

273 3678 317 3732 dit
353 3690 490 3752 mperstor
514 3684 545 3735 in
570 3680 743 3746 corruebam,
766 3682 816 3737 sed
840 3683 914 3736 solus
940 3684 972 3735 in
989 3697 1022 3733 es
1046 3680 1183 3733 considet:
1210 3680 1289 3730 illine
1306 3674 1360 3730 sub

272 3749 456 3805 conductione
483 3762 640 3807 senatorum
658 3762 688 3807 et
709 3754 869 3807 archontum
887 3753 978 3824 pergit
995 3751 1030 3804 sd
1046 3766 1172 3819 msgnorn
1197 3748 1359 3811 eeclesiam,

271 3824 387 3875 transitu
405 3840 455 3893 per
472 3832 647 3894 sugustseum
664 3824 736 3877 iacto
755 3840 771 3877 e
788 3824 900 3895 regione
928 3822 1083 3891 horologii,
1108 3835 1289 3893 magnumque
1307 3834 1360 3889 per

271 3894 401 3963 pylonem
426 3910 474 3947 seu
500 3895 604 3966 portale
630 3895 716 3948 intrat
731 3896 761 3947 in
786 3894 937 3949 mosonium
955 3910 1003 3946 seu
1027 3893 1135 3944 utrium.
1170 3891 1204 3946 in
1228 3888 1361 3944 nsrtbeee

273 3964 308 4017 fit
322 3964 501 4019 mutatorium
519 3982 567 4019 seu
587 3966 704 4019 restium
722 3968 838 4020 mutatio
846 4002 856 4030 ‚
874 3972 904 4017 et
920 3962 1037 4035 deponit
1054 3963 1206 4034 imperator
1223 3976 1360 4023 οοτουιτα,

272 4034 428 4111 prseposito
445 4054 506 4096 esm
522 4034 640 4095 tudens.
676 4036 729 4092 iiie
747 4052 807 4093 esm
823 4034 955 4109 deinceps
972 4033 1093 4091 Domino
1108 4030 1210 4102 reddit,
1231 4032 1282 4107 'qni
1299 4044 1360 4088 ssn
