3042 4825
294 163 385 269 446
518 189 717 257 tremum
747 188 805 254 tu
834 190 991 254 manen
1018 187 1182 254 nemun

295 346 356 432 δρά
378 347 440 411 εἰσι
460 342 498 411 ad
522 344 602 410 κατὰ
624 343 685 429 τὴν
716 339 794 410 ὁδὸν
813 337 965 428 χωρίαῆ
995 340 1133 428 ἔνυδρα,
1166 331 1238 406 εἶτα
1257 341 1332 404 ποία
1350 335 1385 406 d-

147 457 197 516 Ea.
207 457 289 511 Le58
297 445 349 524 δός
370 447 447 526 ἐστι,
467 443 660 530 στενόχωρος
679 447 736 508 καί
749 441 934 528 κρημνώδης
949 445 1005 507 καί
1020 443 1218 516 ἐπικίνδυνος
1238 434 1293 503 καί
1308 436 1387 502 ποία

180 553 424 615 Μι.ι.οπλατεῖα
446 541 501 608 καί
519 542 724 625 redditidemr,
760 545 816 606 καί
837 539 869 605 εἴ
886 543 936 614 τίς
961 541 1030 605 ἐστι
1050 537 1128 605 κατὰ
1150 536 1208 622 τὴν
1227 533 1304 602 ὁδὸν
1324 559 1384 600 πο-

290 640 393 724 ταμὸς
411 645 511 726 μέγας
531 645 586 706 καί
603 639 648 723 μὴ
671 639 841 723 δεχόμενος
863 638 970 725 πόρον.
1010 633 1077 704 εἶτα
1098 631 1208 723 ἠρώτα
1227 635 1302 720 περί
1321 635 1385 699 αὕ-

290 744 347 826 τῆς
366 742 424 826 τῆς
441 738 568 826 χώρας,
599 737 684 806 πόσα
704 739 825 824 κάστρα
854 738 941 823 ἔχει,
971 739 1026 804 καί
1053 745 1128 802 ποῖα
1154 733 1273 800 τούτων
1300 733 1399 802 εἰσίνό

290 839 397 926 ὀχυροὶ
419 843 475 905 καί
491 850 567 904 ποῖοι
595 833 761 925 ἆνόχυρα,
790 836 847 904 καὶ
870 849 946 904 ποῖα
974 833 1211 922 πολυάνθρωπα
1231 831 1289 898 καί
1306 841 1383 898 ποῖα

289 937 524 1025 ὄλιγάνθρωπα,
545 938 602 1004 καὶ
622 937 686 1004 α’πὸ
710 936 810 1004 πόσου
835 939 1048 1022 διαστήματος
1067 929 1211 1019 ἀλλήλων
1229 933 1303 1010 εἰσί,
1326 935 1383 996 καί

287 1037 417 1105 ποδαποί
450 1040 514 1102 εἰσι
547 1035 588 1102 ed
619 1037 724 1124 χωρία
756 1034 797 1102 τὰ
822 1040 1038 1122 παρακείμενα
1066 1027 1186 1113 αὐτοῖς,
1214 1025 1382 1116 μεγάλαῆ

284 1135 409 1225 μικρά,
430 1135 486 1202 καί
506 1133 537 1202 οῖ
559 1133 649 1203 τόποι
674 1135 792 1218 daniae*
811 1129 833 1220 ἢ
855 1131 1034 1218 ἀνώμαλοι,
1054 1128 1267 1218 βοτανηφόροι
1284 1124 1305 1213 ἢ
1325 1132 1380 1213 ξη·

219 1262 220 1266 ’
285 1240 348 1326 ροί.
390 1239 494 1302 ταῦτα
518 1239 554 1304 δὲ
577 1234 685 1324 ripariae
715 1233 768 1300 διὰ
790 1233 850 1320 τήν
871 1237 987 1318 χρείαν
1017 1237 1081 1298 τῶν
1101 1232 1216 1296 ἵππων.
1256 1224 1326 1296 εἶτα
1342 1229 1420 1314 ἤ-ιο

284 1331 382 1424 ρωποι,
402 1345 491 1411 ποῖος
522 1333 599 1412 λαός
623 1332 813 1421 παράκειται
837 1332 856 1398 ὅ
879 1331 1052 1414 δυνάμενος
1077 1336 1208 1416 βοηθεῖν
1231 1339 1298 1405 τοῖς
1321 1329 1380 1393 κά-

257 1455 393 1524 Βστροις
414 1435 543 1514 ἐκείνοις
568 1437 603 1500 ἐν
625 1436 726 1524 καιρῷ
744 1435 903 1517 πολέμου,
924 1437 979 1498 καί
999 1430 1062 1498 aiud
1084 1429 1180 1496 πόσου
1203 1426 1379 1512 διαστήμα-

279 1533 332 1611 τός
353 1537 434 1600 εἰσιν
457 1535 580 1614 αὐτῶν,
615 1532 671 1596 καί
691 1532 768 1596 πότε
792 1533 872 1597 εἰσὶν
898 1535 1018 1613 ἕτοιμοι
1050 1532 1098 1606 εἰς
1120 1531 1291 1607 vatatam,
1323 1528 1380 1594 aaa*

249 1643 252 1648 '
278 1633 354 1700 πότε
376 1635 602 1716 διεσπαρμένοι
623 1630 679 1696 καί
708 1632 983 1715 ἐπαναπαυόμενον
1006 1635 1053 1709 εἰς
1067 1627 1108 1698 τοὶ
1129 1626 1198 1694 ἴδια
1218 1625 1274 1692 καί
1296 1622 1375 1710 πρὸς

277 1731 416 1813 πόλεμον
444 1729 696 1817 οἷσύμφθαστοι,
736 1735 793 1792 καί
815 1735 861 1801 εἰς
884 1732 995 1809 ποίους
1020 1732 1136 1806 τόπους
1154 1723 1418 1804 ταξειδευουσιις
1444 1747 1451 1759 ·

278 1827 334 1894 καί
361 1829 452 1908 πότι,
483 1824 504 1910 ἢ
539 1822 692 1890 οὐδέποτε
722 1822 977 1904 ταξειδεύουσιν,
1018 1825 1088 1890 ἀλλ’
1116 1829 1172 1888 ἐπὶ
1202 1827 1260 1907 τῆς
1289 1821 1377 1896 ι’δίας

275 1928 388 2012 χώρας
414 1922 479 1990 εἰσί
500 1919 656 2006 adnuere.
695 1919 737 1986 τοὶ
766 1923 802 1986 δὲ
831 1919 914 1987 αὐτοὶ
946 1921 1058 2008 ἠρώτα
1085 1920 1142 1987 καὶ
1167 1919 1242 2006 περὶ
1269 1911 1375 1986 ἄλλων

275 2026 402 2110 χωρῶν,
423 2024 475 2088 ἵνα
492 2022 675 2106 ὡρισμένως
693 2019 806 2116 μηδρίς
826 2015 920 2104 οἶδεν,
941 2023 988 2098 εἰς
1007 2022 1103 2088 ποίαν
1123 2017 1235 2107 χώραν
1261 2017 1374 2103 donita-

276 2148 333 2188 ται
358 2119 560 2198 ταξειδεύειν.
601 2117 752 2196 πολλάκις
780 2118 842 2206 γὰρ
863 2115 927 2184 dud
949 2121 1013 2185 τοῖν
1037 2116 1188 2186 τοιούτων
1213 2123 1374 2205 μηνυθέν-

274 2243 326 2298 wc
345 2217 376 2285 οῖ
395 2219 528 2286 ἐναντίοι
546 2217 765 2305 ἠσφαλίσαντο
783 2216 823 2286 τοὶ
844 2215 935 2306 ἴδια,
958 2213 980 2305 ἢ
999 2219 1156 2311 καὶπρὸς
1189 2215 1411 2307 παράταξινυο

276 2438 470 2511 interrogando
493 2440 722 2510 percontabatur,
748 2448 880 2513 qnantum
902 2448 974 2496 erret
989 2444 1051 2495 viae
1065 2442 1182 2513 epatium
1204 2440 1368 2506 adrentum,

277 2530 358 2586 quem
383 2510 500 2572 edebat,
526 2512 636 2579 ioeumg
664 2527 734 2631 qnae
760 2514 804 2564 via
829 2530 864 2565 ex
888 2515 956 2565 orba
982 2516 1102 2566 Romano
1128 2512 1196 2563 iiiuc
1214 2511 1313 2574 ducat,
1339 2522 1370 2567 et

295 2584 382 2647 uulia;
401 2590 430 2634 et
443 2584 578 2645 unicane,
597 2600 631 2633 an
646 2600 664 2651 p
678 2599 756 2649 στοις
774 2584 853 2653 aquia
869 2582 1029 2647 abundent,
1048 2599 1084 2632 an
1105 2589 1217 2633 careant
1241 2582 1367 2651 regione·

274 2601 341 2707 diue
359 2651 537 2704 tendentibua
557 2653 747 2717 traiieienda03
775 2661 923 2722 unguatane
942 2654 986 2704 vin
1013 2660 1042 2704 et
1061 2653 1231 2721 praecipitiis
1249 2652 1368 2723 aliiaque

273 2724 402 2794 periculis
430 2722 561 2784 horrens,
598 2740 634 2773 an
656 2722 744 2791 ample
770 2722 911 2774 commode
932 2739 966 2776 ue
994 2721 1186 2791 permeabiiia3
1217 2738 1367 2791 magnuane

273 2795 433 2861 fluviuaper
450 2794 675 2855 viamoccurrat,
694 2792 742 2863 qui
759 2792 856 2845 vadum
868 2740 978 2845 nudum
1001 2800 1128 2862 praeatet
1164 2792 1246 2843 Porro
1260 2792 1296 2842 de
1315 2792 1374 2861 ipra
1435 2815 1439 2829 ·

273 2865 324 2917 iila
349 2865 460 2933 regione
487 2861 690 2926 sciscitabatur,
717 2872 786 2933 quot
811 2861 927 2915 haberet
952 2871 1038 2915 caetra
1064 2870 1093 2915 et
1117 2878 1254 2932 quaenam
1276 2878 1373 2915 eorum

273 2934 379 2989 munita
401 2934 470 2995 sint,
488 2948 559 3003 quae
580 2949 674 2997 ουτως
693 2950 764 3003 quae
780 2932 937 3003 frequentia
950 2932 1091 2985 hominum
1105 2932 1263 2994 abundent,
1296 2949 1366 3003 quae

273 3011 368 3057 eontra
385 3018 458 3054 raroa
481 3010 625 3054 numerent
646 3002 763 3067 ineelaa;
782 3011 913 3074 quantum
931 3004 1037 3074 ringula
1052 3020 1067 3055 a
1081 3020 1141 3055 aeae
1158 3000 1276 3067 dirtent3
1296 3020 1367 3075 quo·

273 3070 356 3126 modo
367 3071 522 3125 adiacentes
533 3073 599 3141 ipris
609 3072 731 3126 habeant
739 3074 876 3142 regiones,
895 3074 987 3126 eintne
1000 3081 1102 3135 vastae,
1113 3090 1146 3125 an
1157 3089 1253 3141 parvae
1263 3080 1292 3124 et
1300 3089 1366 3124 con·

274 3152 390 3208 troetoe;
414 3143 502 3195 nolum
522 3144 681 3214 aequabile,
709 3161 744 3195 an
763 3142 923 3214 inaequale3
948 3144 1024 3195 ferax
1045 3144 1189 3214 graminis,
1215 3159 1249 3193 an
1269 3144 1364 3196 ateriie

273 3222 301 3267 et
317 3212 432 3267 aridum.
480 3211 511 3265 Id
532 3222 622 3265 autem
638 3212 834 3276 aeiroitabatur,
850 3214 940 3265 animo
958 3213 993 3265 ad
1009 3232 1093 3285 equor
1109 3230 1258 3284 eorumque
1273 3213 1365 3282 pabu-

270 3284 328 3335 lum
347 3285 463 3335 intento.
513 3283 592 3334 Porro
611 3283 805 3354 interrogabat,
828 3286 909 3355 quale
929 3281 1072 3335 hominum
1094 3301 1178 3354 genua
1197 3284 1225 3333 in
1247 3283 1363 3336 istorum

271 3363 420 3409 cartrorum
443 3353 544 3404 vicinia
559 3354 686 3421 degeret,
715 3362 743 3408 et
756 3363 891 3423 potenane
910 3355 1004 3405 carteia
1030 3363 1150 3424 tempore
1167 3353 1235 3406 belii
1251 3370 1363 3405 enecer-

270 3440 348 3487 rere,
369 3431 397 3475 et
417 3429 549 3497 equanto
571 3422 714 3491 distantia3
734 3424 909 3496 quandonam
925 3426 1011 3493 parati
1032 3425 1066 3476 ad
1086 3425 1307 3495 expeditionem,
1332 3432 1363 3476 et

269 3492 379 3565 quando
398 3494 564 3545 econtrario
582 3493 704 3562 palantes
729 3504 757 3547 et
771 3494 891 3558 disiecti,
917 3496 1027 3564 suisque
1041 3497 1132 3563 potius
1152 3493 1262 3546 aedibus
1281 3495 1362 3546 incu-

268 3563 367 3617 banter
384 3563 458 3615 etad
473 3562 577 3615 bellum
594 3566 668 3617 coire
680 3581 794 3635 aegner;
811 3565 924 3617 ubinam
938 3564 1059 3617 locorum
1074 3565 1210 3618 confluere
1228 3563 1361 3619 bellaturi

269 3642 299 3687 et
310 3651 365 3705 quo
381 3640 502 3702 tempore
525 3635 647 3699 aoleant;
678 3646 728 3688 aut
742 3652 924 3707 numquamne
940 3644 1037 3704 parent
1054 3631 1275 3705 expeditionem,
1296 3636 1361 3686 eiu-

268 3713 329 3758 rato
362 3704 455 3766 belia,
483 3720 591 3773 temper
617 3703 789 3758 inhaerentes
819 3705 957 3759 territorio
984 3722 1040 3758 auo.
1077 3708 1150 3758 Haec
1177 3706 1235 3774 ipra
1262 3703 1360 3757 eedem

268 3782 392 3845 tempore
406 3790 516 3847 quoque
532 3775 567 3827 de
583 3775 646 3829 attis
662 3776 821 3845 regionibus
844 3776 1051 3840 aeiaeitabator,
1081 3794 1117 3829 ne
1135 3777 1197 3847 quir
1215 3774 1360 3843 intellige·

268 3854 325 3907 ret,
344 3846 373 3897 in
385 3861 466 3916 quam
481 3846 602 3913 praeciae
616 3848 754 3915 regionem
770 3864 843 3899 arma
857 3846 1021 3899 decrevisset
1035 3847 1144 3899 inferre.
1181 3845 1270 3916 Saepe
1283 3846 1358 3898 enim

268 3916 398 3985 contigit,
416 3923 478 3967 nta
502 3915 603 3967 talibur
619 3914 776 3969 hominibus
794 3918 823 3969 iu
838 3917 982 3971 conuitium
1001 3916 1134 3969 adhibitis
1154 3916 1289 3969 admoniti
1303 3913 1357 3966 bo-

267 3996 322 4041 rtea
362 4002 426 4037 auae
459 3986 599 4038 recuritati
637 3986 828 4057 prospexerint
868 3989 930 4041 ioca
964 4005 1015 4039 aua
1043 3986 1271 4051 communiendo,
1308 3992 1358 4037 aut

268 4064 298 4111 et
312 4055 370 4113 acie
384 4056 516 4112 inatructa
537 4054 573 4111 ad
588 4058 744 4121 conflictura
761 4074 821 4115 aeae
837 4058 1061 4133 comparaverint.
1097 4057 1171 4114 liaeo
1187 4059 1281 4113 onnia
1302 4058 1358 4113 aci·
