3042 4825
272 183 360 272 658
485 193 757 281 donarnnnnr
777 211 1160 284 romnraooaran

270 393 337 454 ρων
354 368 420 436 τοῖν
439 370 476 434 ἓν
493 373 552 434 rosi
576 373 717 453 θέμωτος
745 375 907 460 συστῆσαι
935 363 1057 461 ἄνδρας
1078 371 1110 461 φ’
1132 373 1379 455 διλάενμένους

269 470 326 532 καὶ
345 465 423 554 πρὸς
442 467 478 534 τὰ
499 472 638 550 τοξεύειν
658 473 868 556 ἐπιτηδείους,
889 472 947 537 καὶ
959 472 1024 538 ’ἐάν
1045 465 1126 538 οἶσιν
1143 475 1178 552 ἐξ
1198 471 1307 536 adenis
1322 497 1379 534 ss«-

268 589 319 643 νος
338 567 514 652 ἐπιτήδειοι
533 568 762 655 καβολλάριοι,
785 568 819 635 εἴ
833 595 866 635 τε
887 573 923 636 ἐν
942 574 1007 636 τοῖν
1027 565 1207 657 άρχάντων,
1231 567 1265 634 εἴ
1280 591 1314 634 τε
1335 570 1376 634 ie

121 661 338 735 M&mitada
357 671 555 752 σχολορίων.
596 672 705 750 εἰμὲν
724 669 806 737 κατά
827 668 950 758 πλήρης
969 670 1088 756 ἔχωσιν
1107 669 1167 755 τὴν
1189 667 1288 757 §dyas
1308 662 1376 733 αὖ-

270 769 338 832 ἰὥν
359 764 391 830 οἱ
410 766 598 854 σχολάριοι,
630 771 684 835 ι’νοι
705 772 937 849 &antaradon
956 773 992 836 ἐκ
1011 775 1075 836 τοῖν
1099 771 1189 836 ἰδίων
1208 773 1399 852 προβάλλω-5

268 861 363 953 ριιιὴν
383 864 557 944 ὖξόπλισιν·
606 871 638 934 εἶ
657 872 694 933 δὲ
713 871 849 947 ἐλλιπεῖς
879 874 960 936 εἰσιν
988 867 1068 956 πρὸς
1097 868 1155 956 τὴν
1175 865 1287 955 ῥάχιν,
1316 867 1373 932 ive

268 962 411 1048 λάβωσιν
432 963 494 1029 άπά
516 969 580 1032 τῶν
599 963 750 1052 μηιάτιον
772 961 882 1054 ἄλογα,
904 963 925 1054 ἢ
944 971 999 1034 κατ’
1019 966 1082 1036 άπὸ
1101 971 1257 1043 ἐκθέσεως
1276 988 1376 1048 nosa-

269 1059 449 1150 προσώπων
479 1065 514 1128 ἐν
542 1066 587 1152 τῷ
606 1069 727 1147 θέματι
753 1065 819 1134 τάν
836 1067 1065 1133 maurnands.
1108 1066 1184 1153 napi
1202 1067 1265 1132 τῶν
1283 1065 1375 1151 ὄφει-

269 1156 389 1228 λάντων
408 1155 643 1247 ἓτοιμσσθῆναι
666 1166 712 1239 εἰς
726 1165 945 1254 Θρρκησίους,
966 1159 1066 1251 ἤγουν
1086 1167 1150 1230 τοῖν
1169 1161 1194 1228 κ’
1216 1161 1374 1248 χιλιάδων

239 1265 331 1327 Βτοῦ
350 1264 518 1350 κριδιιριου
534 1261 676 1348 καὶπερὶ
691 1267 756 1328 τῶν
772 1264 805 1346 μ’
819 1262 977 1348 χιλιάδων
997 1265 1056 1330 rosi
1073 1287 1108 1330 ra
1131 1266 1219 1330 os'soa
1241 1261 1295 1328 ιιιά
1315 1266 1421 1329 τοῦτο

161 1412 168 1422 .
269 1363 471 1443 παξυιματίου
504 1365 562 1426 sect
588 1363 745 1450 άριυρίου
769 1367 920 1450 sedsaepe*
944 1361 1111 1430 τοῦοἴνου
1131 1367 1198 1428 τῶν
1217 1357 1243 1426 λ’
1264 1359 1375 1445 χιλιά-
1516 1395 1517 1428 ι

274 1461 341 1526 δων
372 1458 430 1524 soi
463 1463 539 1546 napi
565 1465 629 1527 rtis
656 1486 809 1549 οφοιιιτων
836 1463 900 1529 τάν
920 1463 940 1528 ι’
960 1461 1119 1548 χιλιάδων
1141 1459 1199 1526 καὶ
1218 1461 1373 1545 περὶτοῦ

273 1555 506 1646 {suspendisset
526 1558 667 1648 λινάριον
687 1557 769 1651 λόγῳ
799 1564 864 1626 τῶν
882 1563 1057 1648 προπάρων
1075 1562 1132 1627 καὶ
1150 1561 1374 1648 κωλαφατήσεω

267 1683 312 1735 ως
329 1660 479 1742 χιλιάδας
499 1659 529 1741 ι’,
551 1661 604 1724 ἵνα
624 1658 682 1746 ἔχῃ
707 1661 754 1736 ιίς
772 1657 811 1725 τά
834 1657 974 1744 (hairtin,
1004 1663 1060 1726 καὶ
1081 1660 1203 1747 κορφία
1222 1658 1373 1744 χιλιάδας

267 1759 295 1836 ζ
316 1756 397 1845 λάχιρ
420 1762 477 1844 τῆς
497 1753 647 1842 ἧλάσεως
664 1757 729 1823 τῶν
750 1755 926 1844 δρομάνων.
970 1761 1101 1838 ἐδέξατο
1121 1757 1332 1846 περὶτούτων
1352 1746 1417 1829 δι5
1516 1777 1517 1848 λ

271 1855 526 1944 πρωτονοτάριος
545 1859 607 1921 τῶν
629 1857 836 1946 Θρρκησιων.
877 1859 1005 1934 ἐδέξατο
1034 1859 1090 1922 κατ’
1121 1852 1137 1921 ὃ
1166 1854 1372 1940 Λιμνογάλιι-
1516 1849 1517 1870 ³

272 1979 363 2038 ιιτος,
388 1957 442 2020 ἵνα
462 1954 631 2044 συνδράμῃ
667 1952 768 2021 adsto
792 1959 839 2031 εἰς
857 1953 913 2020 τὸν
933 1951 1031 2027 οἶνον.
1074 1959 1225 2040 περὶτοῦ
1243 1951 1374 2038 ἕτοιμο-

267 2058 391 2140 σδῆναι
411 2053 550 2142 καρφίον
571 2058 864 2121 πωτοδυκτυλωΐον
879 2051 959 2143 λόγῳ
973 2057 1030 2140 τῆς
1046 2052 1211 2142 πράσεως
1223 2057 1286 2120 τῶν
1300 2057 1375 2141 δροι

161 2177 164 2182 ·
269 2156 399 2236 μονίων,
420 2154 466 2230 εἰς
486 2150 545 2230 τάς
566 2150 685 2230 σκάλας
704 2156 762 2218 καὶ
782 2156 827 2229 εἷς
847 2150 907 2228 τάς
928 2153 1055 2230 πάθνας
1073 2151 1224 2237 χιλιάδας
1244 2149 1280 2234 λ’,
1318 2154 1377 2216 sui

237 2255 467 2322 Ονατέλδωσιν
485 2253 531 2330 εἷς
550 2248 593 2317 τά
615 2251 758 2336 Φάχιλυ.
798 2254 927 2334 ἐδέξατο
951 2254 986 2318 δὲ
1006 2255 1082 2338 περί
1101 2247 1214 2317 τοάιου
1237 2248 1254 2314 ὁ
1275 2273 1417 2338 arpos-ao

272 2353 367 2438 τηγὸς
394 2354 451 2437 τῆς
470 2346 581 2435 Σάμου
607 2352 665 2417 τοῦ
692 2347 866 2435 λαμβάνειν
894 2351 1001 2430 ἔξοδον
1021 2348 1110 2439 παρά
1136 2354 1193 2417 τοῦ
1214 2373 1373 2438 saporoso-

264 2456 398 2541 τυρίον.
438 2451 515 2539 περὶ
532 2455 591 2516 sod
610 2445 844 2537 ἕτοιμασθῆναι
871 2454 1012 2538 supplan
1033 2449 1194 2538 άρπάχιον
1213 2474 1373 2517 κοινοπο-

337 2564 364 2622 5,
378 2559 558 2631 ὠσχολάριοι
575 2559 636 2612 cod.
654 2567 683 2613 et
701 2558 747 2616 ed.
822 2575 864 2613 ro.
880 2560 922 2611 Ita
941 2560 971 2619 ii.
989 2576 1004 2613 a
1023 2560 1082 2630 sigi.
1101 2558 1181 2626 aod,
1200 2562 1308 2635 κριθοδ
1326 2559 1370 2615 ed.

339 2635 382 2701 ιλ,
399 2636 512 2704 suppio
528 2648 582 2689 em.
594 2632 641 2696 lt,
659 2633 767 2683 σακκία
784 2628 846 2683 cod.
869 2639 898 2682 et
918 2630 963 2688 cd.

267 2738 312 2777 ma
329 2720 453 2776 Orientis
473 2718 550 2773 abire
571 2726 601 2772 et
618 2718 793 2772 conscribere
813 2717 974 2771 Plotiniatas
991 2717 1133 2783 Armanas,
1150 2726 1180 2775 et
1192 2737 1227 2773 ex
1245 2718 1279 2771 iis
1294 2719 1374 2773 aiiis·

289 2810 325 2845 na
343 2790 466 2843 eiusdem
484 2789 615 2843 thematis'
635 2793 770 2844 conficere
789 2804 934 2843 numerum
949 2792 1160 2862 quingentorum
1176 2793 1295 2844 virosam
1316 2792 1372 2843 mi-

269 2862 395 2923 istarium
413 2860 581 2923 electorum,
599 2861 798 2930 praestantium
819 2861 1039 2929 sagittariorum,
1067 2862 1238 2933 quorundam
1259 2876 1371 2931 quoqne

270 2933 364 2986 forsan
372 2970 381 2995 ,
406 2932 464 2982 sive
483 2930 518 2981 de
540 2927 680 2992 tribunis,
705 2932 765 2982 sive
782 2929 817 2982 de
835 2930 979 2983 scholariis
999 2944 1047 2983 teu
1073 2933 1201 3001 gregariis
1227 2932 1271 2985 itti
1296 2932 1370 2995 sint,

271 3002 394 3074 equestri
412 3000 532 3054 miiitiae
551 3018 607 3053 noa
628 3002 793 3067 ineptorum.
832 3000 967 3053 Schoisrii
978 3038 986 3063 ,
1005 3002 1142 3071 siquidem
1155 3004 1287 3072 integram
1306 3018 1371 3071 per·

272 3074 382 3143 cipiunt
399 3088 508 3141 rogans,
529 3070 564 3123 de
582 3086 633 3121 suo
650 3071 705 3122 sibi
723 3070 921 3141 comparabunt
941 3080 1102 3124 armaturam
1122 3082 1285 3143 equestrem¹
1321 3072 1370 3123 sto

271 3144 380 3205 minus,
404 3143 545 3209 accipiant
561 3156 647 3211 equos
666 3158 681 3193 e
700 3144 823 3204 metatis,
842 3150 889 3193 aut
910 3144 992 3194 etiarn
1012 3158 1027 3194 e
1046 3145 1195 3195 rationario
1213 3143 1322 3195 iliorum
1340 3142 1370 3195 ia

274 3212 396 3266 themate
416 3211 544 3264 Nataliae
568 3209 775 3274 habitantium,
805 3228 921 3283 quorum
951 3213 1140 3283 unusquisque
1168 3220 1255 3266 semet
1280 3214 1370 3282 ipsam

273 3282 438 3367 singularem
455 3282 571 3334 militem
583 3290 721 3351 praestare
735 3282 826 3335 debet
863 3284 887 3335 T
888 3284 1031 3335 bracenses
1045 3292 1138 3353 parata
1151 3282 1256 3336 debeat
1268 3280 1370 3335 habere

275 3355 377 3425 viganti
395 3352 484 3404 millia
502 3350 659 3426 [saccorum]
677 3352 776 3406 hordei
794 3361 823 3405 et
840 3354 1020 3423 quadraginta
1038 3356 1126 3407 miliia
1143 3355 1223 3407 farris
1242 3363 1271 3407 et
1305 3367 1369 3403 aas·

276 3426 357 3478 matii
383 3439 432 3476 seu
461 3425 540 3491 panis
566 3420 610 3475 bis
634 3425 705 3476 coeti
737 3431 766 3476 et
793 3424 898 3477 farinae
929 3432 958 3477 et
993 3426 1108 3495 triginta
1140 3426 1229 3478 millia
1259 3421 1270 3497 [
1297 3422 1369 3474 olia-

277 3492 360 3567 ram]
389 3492 449 3544 vini
476 3501 506 3545 et
536 3492 629 3545 decem
657 3494 745 3547 millia
782 3510 923 3564 caprarum
958 3503 1156 3562 mactatarum
1181 3497 1248 3547 item
1275 3492 1370 3545 decem

273 3564 362 3619 miliia
380 3562 570 3687 ίχιοιτοιιιιο]
601 3565 654 3616 1ὶοί
683 3582 735 3633 pro
762 3564 943 3618 accendendis
974 3564 1084 3635 ignibus
1116 3566 1229 3618 Graecis
1256 3572 1285 3616 et
1319 3580 1369 3633 pro

273 3636 379 3689 sareien
399 3638 423 3688 is
453 3635 568 3688 navibus
597 3634 714 3704 Phygela
744 3633 820 3707 [urbs
854 3633 967 3759 Ioniaed
996 3642 1138 3705 praestet,
1173 3644 1202 3687 et
1233 3634 1371 3685 clarorum

274 3706 365 3760 millia
383 3724 432 3760 sex
455 3721 506 3776 pro
533 3706 669 3757 elevatura
692 3705 906 3760 dromoniornm.
968 3723 1015 3759 aec
1042 3705 1161 3759 curanda
1185 3709 1215 3758 in
1243 3722 1272 3758 se
1294 3720 1372 3757 reee-

273 3779 318 3849 pit
346 3778 552 3846 protonotarius
582 3775 779 3828 Thraceusiasa
808 3784 836 3831 et
865 3786 974 3831 curator
1005 3778 1172 3839 natatoriae,
1196 3776 1241 3828 cni
1269 3790 1371 3827 nomen

277 3854 325 3901 est
339 3847 424 3902 Lacus
447 3848 555 3912 Laetis,
573 3847 724 3916 spopondit
746 3848 807 3911 iiii,
831 3864 874 3911 se,
895 3852 925 3901 in
948 3846 1113 3917 praestando
1145 3846 1257 3919 quidem
1280 3846 1371 3909 vino,

275 3935 334 3972 noa
352 3916 518 3973 defuturum.
554 3916 606 3968 Pro
623 3916 756 3970 tabulatis
776 3918 978 3972 dromoniorssm
998 3917 1145 3989 affigendis,
1163 3922 1230 3971 item
1249 3916 1279 3970 iss
1291 3932 1372 3968 asum

278 3988 412 4041 scalarum
432 3996 461 4040 et
476 3987 667 4057 praesepium,
685 3996 781 4056 parata
801 3998 883 4043 sunto
903 3996 932 4041 et
957 3988 992 4042 ad
1016 3988 1133 4060 Phygela
1158 3988 1254 4041 urbem
1279 3986 1372 4058 perie-

280 4066 379 4112 rantor
395 4058 509 4127 triginta
526 4056 616 4111 miliia
634 4058 772 4111 clavorum
792 4062 891 4131 quinos
910 4059 1009 4129 digitos
1028 4061 1181 4130 longorum.
1217 4060 1255 4112 Ea
1274 4074 1373 4110 seon·

247 4156 255 4185 .-
277 4136 400 4184 ratarum
418 4129 547 4202 promisit
564 4132 698 4201 strategus
719 4129 808 4197 Sami,
826 4146 944 4203 curaque
963 4134 993 4185 ia
1011 4132 1094 4186 finem
1109 4147 1139 4185 se
1155 4138 1308 4185 sumturum
1321 4142 1373 4183 ae·
