3042 4825
375 158 1016 229 numerumnunerum.
1046 166 1142 267 sse.
1217 138 1297 251 391

213 316 427 404 νονοιστυρόρ
455 315 535 398 μετό
566 314 602 382 τό
632 314 737 382 πάντα
761 320 967 404 πραχθῆναι,
1001 311 1186 405 ἢδνιόντος
1205 313 1306 387 αότοιι·

211 416 260 488 εἰς
280 412 317 478 τό
339 411 468 482 ἱππικόν
491 418 619 482 ἵσταται
639 411 760 500 ὖμπρός
783 416 840 479 τοῦ
864 417 1035 501 δέλφακος,
1064 420 1117 482 καὶ
1139 421 1221 503 λέγει
1252 421 1307 485 ists*

211 516 274 594 μὲν
297 516 359 579 τόν
380 514 609 601 πρατικτόροον·
651 510 830 601 ,,οἷδορα’τορ
853 520 1052 602 προτέιττορ·”
1094 519 1150 583 ε’ττί
1177 521 1212 584 δὲ
1240 523 1304 585 τῶν

213 614 423 695 δομεστόιων·
462 612 645 699 ,,α’δορότορ
668 620 837 702 προτέττορ
859 616 1093 699 δομεστιλιοος.”
1140 621 1195 681 κατ’
1221 624 1453 704 iuss-mm

192 712 305 799 fsssoisss
330 711 388 798 τήν
407 714 633 801 προβατιοριλιν
652 712 740 798 παρὰ
769 719 826 779 τοῦ
846 714 1016 797 δεσπότου,
1046 718 1102 781 κατ’
1122 722 1215 803 φιλεῖ
1229 714 1306 792 τοός

211 807 330 893 πόδας,
361 815 417 877 κατ’
436 814 612 897 ἐξέρχεται.
652 810 778 879 πόντων
808 818 844 880 δὲ
862 819 925 881 τῶν
949 812 1168 899 α’γοραζόντοσν
1190 812 1306 891 τόπους

211 913 271 975 siai
288 908 469 994 συμβόλαια
489 909 609 990 ἔξωθεν
626 911 714 999 παρό
736 916 801 979 τοῖν
825 911 1064 999 πιπρασκόντων
1083 917 1204 999 γίνεται
1225 913 1307 1001 πρός

133 1074 136 1079 ,
211 1008 338 1086 τούτοις
364 1011 421 1077 xus*
439 1010 584 1094 σύμβολα
605 1015 733 1096 γίνεται.
775 1016 834 1079 νῦν
848 1017 884 1079 δὲ
906 1016 963 1079 κατ’
980 1016 1015 1080 ἒν
1037 1016 1165 1101 φερόαις
1188 1012 1307 1081 πολλός

211 1132 261 1184 τις
278 1107 295 1173 ό
311 1109 447 1196 εδσεβὴς
470 1109 624 1197 δεσπότης
639 1112 731 1195 ἡμῶν
748 1122 842 1177 ποιεῖ.
886 1110 917 1181 ot
943 1114 978 1177 δὲ
1001 1112 1186 1179 nasutius
1204 1116 1307 1198 γίνον-

171 1228 267 1274 ιοται
285 1203 396 1285 οὕτως.
439 1208 583 1287 όνιόντος
606 1215 663 1276 τοῦ
680 1215 839 1294 βασιλέως
860 1214 906 1288 εἰς
920 1211 955 1277 τό
977 1210 1115 1295 ἱππικόν,
1138 1207 1159 1299 ἢ
1179 1211 1306 1300 προϊόν·

209 1330 265 1383 τος
283 1309 331 1384 εἰς
353 1305 533 1395 οἱανδήποτε
553 1305 742 1395 πρόιιενσον,
766 1308 831 1395 χρὴ
861 1308 919 1376 τόν
938 1308 1111 1399 μάγιοτρον
1133 1336 1306 1398 προιοτρεο

209 1410 303 1472 πόσαι
320 1406 377 1473 τόν
393 1405 514 1493 τόμητοι
540 1412 596 1495 τῆς
614 1412 705 1494 ἕκτης
722 1403 744 1497 ἢ
764 1406 902 1495 ἑβδόμης
921 1414 1038 1495 σχολῆς
1060 1411 1116 1476 xus*
1137 1409 1213 1491 τοός
1230 1437 1305 1496 πρε..

208 1507 377 1591 μινηρόοος
410 1512 475 1573 τεόν
512 1504 712 1574 ιιανδιδότων
744 1510 801 1573 uns*
824 1504 995 1589 μονιόιιιν.
1043 1512 1098 1574 κατ’
1124 1508 1222 1575 αότόν
1249 1508 1336 1590 τόνῃ

208 1608 366 1684 μέλλοντα
385 1609 531 1689 γίνεσθαι
552 1605 756 1687 κανδιδότον,
783 1608 944 1693 φοροῦντα
963 1606 1097 1694 ῥοόσεον
1119 1610 1306 1694 πεκτορόριτ
1408 1634 1422 1643 ·

171 1709 271 1779 15qu
287 1703 400 1770 λευκόν
416 1706 579 1788 χλανίδιν,
608 1701 751 1783 οἷνιόντος
778 1710 836 1771 τοῦ
855 1708 1012 1789 βασιλέως
1041 1709 1086 1783 εἰς
1105 1706 1141 1777 τό
1166 1704 1305 1788 ἱππικόν,

212 1805 268 1866 δεῖ
288 1808 401 1888 στῆναι
420 1803 541 1890 ε’μπρός
563 1808 622 1888 τῆς
648 1808 758 1891 θύρας
781 1810 837 1891 τῆς
857 1803 941 1887 μετό
965 1802 1005 1873 τό
1024 1802 1184 1871 ποόλπιτό
1208 1829 1305 1869 ποτε·

208 1904 268 1965 νόν
284 1904 321 1964 δὲ
345 1903 549 1987 εἷλημαοικῆς
567 1906 733 1988 γενομένης
756 1901 875 1989 σκόλης
895 1901 983 1990 aaut
1007 1906 1068 1971 τοῦ
1094 1899 1247 1988 εόσεβοδς
1267 1904 1306 1990 η’-ι

208 2002 280 2082 μῶν
298 1998 454 2064 δεσπότου
475 2000 702 2067 Ἰοοστινιανοό
711 2053 721 2084 ,
752 1999 808 2065 τόν
832 2005 988 2081 μέλλοντα
1007 2003 1207 2090 προάγεσθαι
1223 2002 1303 2071 ἔνθα
1311 2026 1452 2087 Mum

209 2099 355 2169 insanas
375 2096 405 2165 oi
428 2095 592 2188 βάρβαροι
610 2102 667 2167 sus*
684 2100 927 2187 προσκυνοῦσιν.
967 2104 1025 2169 sus*
1043 2096 1112 2184 ἅμα
1135 2104 1263 2193 εἰσέλθῃ
1287 2100 1305 2167 ό

275 2318 301 2371 3.
319 2315 436 2369 ΣΧΟΛ.
452 2317 645 2400 προσιοιρτέος
663 2314 887 2387 δπερασπιστιῑς.
993 2320 1018 2387 4.
1036 2323 1093 2373 ΣΧ
1096 2322 1153 2374 oA.
1173 2280 1302 2396 προόπτ-

275 2388 374 2453 νητίος
390 2383 606 2459 δπερααπιατητ
622 2388 776 2451 ολιιειαιιός.
849 2390 889 2462 ¹4·
906 2392 1023 2450 ΣΧΟΛ.
1043 2389 1193 2460 mutetur.

207 2579 239 2628 et
255 2573 368 2627 decurio
394 2573 526 2643 producit
550 2569 745 2625 honorandum
764 2569 794 2624 in
811 2571 905 2626 tunica
922 2569 1089 2636 artabatice,
1113 2572 1171 2624 sire
1190 2573 1219 2624 ia
1237 2587 1303 2624 oon·

207 2645 319 2697 sistorio
338 2652 403 2713 post
427 2644 539 2714 negotis
558 2644 651 2694 omnia
676 2642 822 2712 expedita3
850 2643 908 2694 sive
927 2643 1011 2694 etiam
1030 2643 1230 2725 imperatorin
1249 2642 1301 2694 cis·

207 2732 269 2768 eum
286 2713 456 2768 adscendens
474 2715 601 2766 subsistit
619 2712 731 2782 paulum
750 2730 841 2766 norum
860 2711 1002 2782 delphum,
1026 2720 1054 2764 et
1072 2713 1165 2784 inquit
1183 2710 1218 2762 ad
1235 2727 1301 2782 pro·
1377 2715 1379 2724 ⁴

204 2792 340 2838 tectorem
358 2783 485 2855 quidem:
511 2784 655 2838 Adoratos·
672 2796 830 2854 protectos·;
857 2783 893 2834 ad
912 2783 1091 2834 domesticum
1110 2791 1219 2842 autem:
1244 2779 1302 2835 Ad-

205 2869 306 2911 orstos·
325 2869 471 2926 protectos·
495 2855 667 2908 domesticus.
704 2853 814 2924 Quibus
834 2871 895 2905 cum
913 2855 1004 2905 verbis
1024 2853 1108 2904 trudit
1126 2853 1178 2922 ipsi
1197 2851 1300 2922 proba-

205 2927 307 2978 torium
333 2924 398 2999 [seu
417 2926 559 2980 codicillos
578 2941 641 2974 essm
659 2925 844 2992 approbantes
862 2925 939 2976 velut
957 2924 1088 2976 idoneum
1105 2923 1251 2996 muneri],
1270 2930 1300 2980 et

206 2994 359 3048 honoratus
389 2997 529 3050 osculatus
553 2993 637 3064 pedes
655 2995 784 3056 Domini,
812 3003 896 3065 atque
915 2993 982 3045 ubit.
1018 2995 1065 3046 Fit
1082 3011 1193 3137 quoque
1212 2995 1300 3052 inter-

209 3066 276 3117 dum
294 3066 346 3118 boo
363 3082 432 3118 aevo
449 3075 561 3129 nostro,
588 3065 788 3133 utimperator
808 3065 926 3116 talesia
951 3064 1028 3118 feriis
1050 3071 1124 3116 creet
1167 3081 1213 3116 seu
1233 3063 1299 3116 tali-

206 3134 260 3188 bus
279 3136 395 3201 diebus,
419 3136 521 3209 quibus
539 3143 650 3187 senatus
668 3137 697 3185 in
717 3135 910 3188 consistorium
928 3153 984 3188 non
1003 3135 1146 3197 convenit,
1171 3131 1299 3204 nihilque

206 3223 298 3260 serum
325 3207 448 3276 gravium
471 3206 637 3277 peragiturl.
673 3206 804 3258 Omnium
827 3213 918 3258 autem
937 3205 1004 3260 soris
1031 3206 1180 3257 ementium
1199 3222 1214 3256 a
1232 3219 1299 3257 ven·

206 3276 338 3330 dentibus
357 3280 417 3331 loca
437 3277 525 3349 {inter
544 3277 695 3328 militantes
714 3285 743 3328 et
760 3275 972 3349 stipendiarios]
998 3283 1027 3328 et
1043 3283 1213 3338 contractus,
1240 3273 1298 3326 iilis

205 3348 332 3415 symbols
351 3365 480 3418 queque,
506 3347 559 3398 hoe
577 3355 619 3398 est
637 3346 821 3414 dignitatibus
841 3347 897 3398 suis
916 3346 1010 3399 debita
1029 3347 1164 3416 iusignia,
1189 3347 1298 3397 dautur.

206 3418 356 3470 Candidati
377 3420 448 3472 iiuut
465 3420 513 3478 sic.
548 3417 739 3473 Adscendunte
760 3418 929 3485 Imperatore
947 3419 977 3468 in
995 3417 1115 3479 circum,
1133 3424 1183 3468 aut
1203 3432 1299 3485 proce-

206 3489 541 3561 dentein0qualieunque
561 3487 672 3544 tandem
699 3489 875 3557 processione
901 3485 945 3558 [id
964 3495 1024 3550 est,
1051 3487 1195 3539 secedente
1215 3503 1229 3537 e
1248 3502 1299 3554 pa-

205 3559 275 3610 latio
294 3561 325 3610 in
348 3559 441 3611 villam
470 3561 691 3630 qualemcunque
718 3559 859 3630 regiaml,
883 3556 967 3609 debet
993 3559 1121 3626 magister
1142 3557 1172 3608 in
1194 3555 1297 3624 paratis

204 3627 310 3691 babere
327 3630 456 3680 comitem
475 3638 569 3682 sextae
588 3628 698 3689 scholae
717 3628 883 3696 septimaeve
903 3636 931 3680 et
947 3629 1118 3698 primicerios
1138 3625 1299 3681 candidato-

204 3717 285 3763 rum,
310 3708 339 3750 et
356 3708 500 3770 torquem,
525 3709 553 3751 et
575 3700 666 3768 ipsum
685 3699 765 3750 illum
784 3699 931 3752 creandum
950 3697 1142 3762 candidatum,
1169 3697 1299 3757 indutum

205 3787 283 3828 russo
308 3771 462 3838 pectorario
487 3779 516 3821 et
539 3769 655 3822 eandida
680 3771 781 3822 tunica:
818 3769 849 3822 Iu
875 3767 928 3820 hoc
956 3777 1090 3839 apparatu
1115 3767 1206 3820 stabat
1231 3765 1298 3816 olim

204 3840 318 3910 quidem
336 3842 409 3904 talis,
427 3841 451 3891 si
467 3841 656 3908 imperatorin
673 3841 774 3897 circum
784 3839 971 3905 adscenderet,
990 3857 1080 3892 corum
1092 3837 1209 3902 foribus,
1227 3851 1298 3906 quae

203 3912 243 3962 ali
265 3911 356 3962 nando
374 3927 448 3980 pone
466 3910 575 3980 pulpita
594 3919 679 3962 erunt.
714 3911 795 3963 Nune
812 3917 919 3974 autem,
938 3926 1047 3981 exque
1066 3909 1105 3963 ibi
1126 3908 1180 3959 loci
1198 3905 1298 3978 gradus

203 3997 252 4034 coc
274 3983 360 4032 leares
379 3981 480 4035 struxit
499 3981 561 4048 pius
580 3992 673 4035 noster
690 3983 758 4049 Imp.
778 3981 965 4044 iustinianus,
983 3989 1038 4032 stat
1055 3977 1216 4040 canriitiutus
1237 3991 1296 4027 cre-

202 4049 292 4112 anslus
309 4051 352 4106 ibi
373 4052 448 4117 ioci,
473 4050 523 4106 ubi
541 4059 612 4106 stare
631 4060 660 4106 st
676 4051 807 4110 collocari
830 4051 1036 4125 Dominamque
1063 4049 1178 4109 adorare
1204 4047 1296 4102 solent
