3042 4825
262 158 386 219 XLVlll
487 153 543 217 10.
573 152 695 215 trualt
724 148 876 215 metiti
906 148 1201 217 comitano

261 322 437 387 tentamnt,
460 309 553 370 Anno
579 307 641 392 944
664 310 764 369 missis
789 328 911 391 quoque
937 310 971 370 in
994 309 1170 371 Patzinacas
1185 310 1351 371 concitari·

263 393 461 471 busbelli1).
503 395 574 470 Quo
588 395 702 451 nuncio
724 396 903 473 perterritus
921 392 1102 475 imperator,
1123 378 1274 454 tributnln
1289 392 1349 453 bo-

267 482 306 539 sti
320 477 452 559 pendere
474 478 591 556 cogitur
608 476 641 551 ²).
682 475 726 535 At
746 494 827 534 anno
850 478 988 556 proximo
1017 476 1122 536 foedus
1145 491 1216 536 cum
1239 477 1350 558 lgore,

268 564 354 622 cuius
372 560 517 619 sententia
539 561 571 617 in
594 556 676 619 hunc
705 557 830 618 modum
856 558 934 635 firit,
954 560 1135 639 paciscitnrs
1167 562 1349 619 commercia

264 656 346 705 terra
372 643 509 723 marique
531 639 627 700 libera
653 642 777 721 utrique
797 640 912 723 populo
933 662 997 702 esse
1021 641 1150 719 debere3
1180 644 1353 703 Chersone-

264 749 332 787 sum
348 726 509 785 Tauricam
528 720 611 783 nolle
640 744 672 784 se
694 725 788 783 amnis
808 724 973 802 invadere,
994 745 1050 784 uec
1076 723 1221 807 Bulgarcs
1244 736 1353 785 contra

264 808 377 869 incolas
398 810 537 883 excitare,
558 808 590 865 in
611 827 645 866 re
668 805 798 887 trepida,
820 808 999 888 Imperatori
1018 806 1128 867 auxilia
1152 829 1184 868 se
1205 811 1352 868 missruns

265 913 341 968 esse,
362 891 450 951 Russi
474 889 722 970 spopondemnt;
754 888 794 948 de
817 892 923 971 capitis
945 893 1036 949 etiam
1064 890 1233 969 damnatis,
1254 892 1355 973 deque

265 973 428 1053 transfugis
455 982 485 1031 et
507 971 674 1033 latronibus
699 982 855 1034 statutum.
914 973 1031 1050 Turci,
1061 991 1132 1031 cum
1161 977 1271 1033 iterum
1303 993 1354 1035 res
1394 1040 1397 1048 ¹

266 1060 397 1125 Graecas
423 1056 622 1133 lacerassent,
653 1077 671 1116 a
694 1054 882 1134 Theophane
901 1058 1057 1134 persuasi,
1077 1054 1156 1116 datis
1178 1057 1354 1135 obsidibus,

266 1140 402 1199 inducias
425 1139 458 1199 in
474 1140 608 1219 quinque
630 1158 726 1197 annos
741 1139 822 1218 pacti
841 1148 929 1197 suut:
953 1136 1150 1219 longinquam
1172 1143 1253 1200 enim
1272 1139 1356 1199 mili-

266 1225 342 1282 tiam
365 1222 474 1280 Graeci
500 1220 740 1301 aspernabantur
765 1220 799 1299 ³).

350 1304 422 1366 Vll.
462 1304 697 1385 Mesopotamiae
726 1302 952 1383 componendae
978 1300 1185 1383 Theophilus,
1232 1303 1356 1365 loannis

267 1387 426 1461 Zimiscae,
450 1389 503 1467 qui
523 1398 627 1467 postea
642 1386 811 1466 Imperator
832 1384 979 1445 salutams
995 1395 1052 1462 est,
1077 1406 1173 1463 avus,
1196 1383 1354 1466 deligitur,

268 1477 306 1529 ut
326 1470 511 1545 Saracenos,
540 1468 601 1529 late
619 1489 655 1528 ea
677 1467 744 1529 loca
766 1468 958 1543 habitantes,
981 1470 1014 1527 in
1043 1466 1189 1549 obsequio
1219 1471 1356 1528 contine-

270 1562 319 1613 ret
337 1552 374 1629 ⁴).
419 1551 519 1633 Caput
540 1554 693 1633 regionis,
724 1550 860 1629 Edessa,
880 1550 1067 1611 nobilissima
1087 1552 1180 1626 urbs,
1202 1560 1232 1610 ct
1254 1554 1358 1611 muni-

271 1637 380 1695 mentis
399 1633 508 1695 obiecti
532 1636 641 1713 amnis,
664 1628 974 1713 murisque'iirmirta,
997 1632 1050 1693 diu
1072 1632 1260 1695 obsidionem
1279 1632 1359 1693 tole-

270 1720 373 1794 ravit,
407 1738 468 1797 qua
489 1716 613 1776 tandem
634 1713 733 1775 soluta
754 1724 812 1790 est,
832 1717 995 1775 sanatoris
1015 1718 1159 1799 imagine,
1183 1715 1276 1777 linteo
1299 1719 1360 1775 im-

272 1821 386 1882 pressa.
428 1799 515 1859 Hanc
543 1797 704 1879 Abgarum
726 1798 861 1877 Regem,
889 1798 1004 1857 morbo‘
1015 1796 1129 1858 difficili
1147 1820 1183 1859 ac
1212 1799 1359 1859 diuturno

273 1881 516 1958 decumbentem,
537 1900 607 1939 cum
628 1900 660 1939 se
683 1881 835 1960 praesenti
847 1880 1015 1941 Servatoris
1031 1880 1154 1959 auxilio,
1168 1902 1225 1963 per
1244 1880 1360 1943 litteras

272 1962 524 2041 commendasset,
544 1964 705 2042 accepisse,
729 1960 831 2021 ferunt
853 1973 884 2020 et
903 1963 1061 2043 desperata
1082 1966 1144 2024 iam
1170 1962 1284 2041 salute,
1306 1986 1360 2024 su·

273 2047 339 2107 bito
356 2043 556 2121 convaluisse,
577 2064 648 2104 mox
668 2046 830 2103 attonitum
846 2047 892 2103 rei
917 2044 1077 2120 miraculo,
1098 2046 1139 2105 ad
1158 2045 1362 2108 Christianam

259 2128 491 2212 ,professionem
513 2146 577 2187 esse
593 2125 757 2185 adductum
777 2126 815 2202 ⁸).
858 2124 934 2200 Alii,
956 2136 992 2185 ut
1011 2124 1134 2187 difficile
1144 2138 1201 2203 est,
1219 2138 1283 2188 tarn
1304 2150 1361 2189 an-

274 2214 391 2293 tiquam
417 2230 483 2269 rem
502 2207 652 2285 subtiliter
673 2228 708 2267 ex
769 2208 792 2281 i,
812 2206 1018 2283 servatorem,
1046 2208 1080 2267 in
1101 2208 1213 2269 oliveto
1234 2213 1361 2271 tristitia

275 2296 424 2355 immensa
442 2289 632 2369 conlectum,
656 2288 724 2348 Tha
747 2288 822 2347 daeo
839 2288 1007 2367 sudarium,
1029 2311 1090 2371 quo
1111 2290 1219 2352 faeiem
1243 2293 1360 2355 abner·

279 2386 371 2454 serat,
392 2374 432 2436 ad
453 2372 612 2454 Abgarum
641 2372 810 2454 principem
830 2370 1042 2455 perferendum
1061 2374 1222 2436 tradidisse
1249 2397 1362 2438 memo

278 2470 364 2538 rant,
388 2457 470 2517 edito
485 2454 621 2532 oraculo,
640 2455 769 2530 urbem,
798 2474 877 2536 quae
892 2457 1012 2516 sacru'm
1038 2459 1148 2540 pignus
1168 2460 1227 2518 rite
1255 2479 1358 2521 aava·

185 2535 189 2542 ⁸
279 2554 339 2622 ret,
363 2550 508 2624 perpetuo
530 2540 675 2604 invictam
694 2537 760 2598 sore
780 2534 814 2616 ὑ).
836 2537 931 2616 llaec,
955 2542 1033 2599 mira
1052 2559 1246 2622 quanquam,
1267 2543 1358 2603 fidem

279 2647 316 2687 er
339 2645 374 2685 eo
394 2631 561 2704 uaxmunt,
581 2620 663 2702 quod
687 2618 814 2680 Cosroes
834 2618 940 2700 Persa,
961 2643 1030 2682 cum
1051 2624 1084 2684 in
1101 2623 1257 2684 obsidione
1275 2625 1361 2686 urbis

279 2709 435 2785 haereret,
458 2705 521 2766 eius
542 2715 681 2766 contactu
705 2702 886 2786 (dedicatum
907 2708 988 2765 enim
1010 2718 1074 2766 erat
1105 2707 1139 2766 iu
1162 2709 1272 2769 veteris
1295 2720 1358 2769 sta-

279 2801 351 2854 tuae
369 2789 572 2864 suudamentc)
601 2787 778 2870 gravissimo
806 2786 913 2846 morbo
936 2787 1080 2850 liberatus
1101 2791 1159 2865 sit,
1182 2799 1213 2848 et
1241 2787 1359 2852 lustrali

281 2895 361 2956 aqua
380 2893 412 2934 se
429 2881 459 2932 et
478 2870 623 2932 familiam
647 2889 768 2931 omnem
782 2868 865 2932 ablui
878 2872 1000 2932 iusserit
1021 2873 1054 2951 ⁷).
1096 2869 1177 2931 Hinc
1197 2873 1359 2955 imaginat

319 3097 345 3170 r)
358 3095 642 3152 Theodosiiicviens.
657 3093 785 3170 au,9l,4.;
802 3095 887 3149 silent
896 3093 969 3148 enim
982 3094 1053 3148 hane
1069 3111 1167 3149 noran
1180 3098 1362 3166 irruptionem

348 3167 488 3235 byzantini
504 3167 654 3250 scriptores.
726 3165 753 3236 a)
771 3164 847 3216 ldem
864 3183 907 3216 an.
925 3165 986 3234 945·
1057 3168 1073 3220 3
1107 3166 1216 3220 Contio.
1236 3167 1362 3240 Theopb.

350 3240 462 3308 μὴ,
482 3243 574 3288 ceterr.
610 3234 747 3290 Tbeodcs.
769 3235 847 3288 Kios.
868 3253 911 3286 arr.
929 3236 990 3304 943.
1060 3237 1077 3304 4
1107 3237 1218 3291 contin.
1236 3236 1362 3308 Theoph.

349 3325 377 3378 p.
395 3309 454 3360 265.
473 3309 532 3375 278·
566 3305 622 3358 Leo
649 3305 796 3357 Grammat
824 3323 851 3376 p.
871 3308 930 3359 ⁵08.
1000 3305 1028 3374 5)
1045 3304 1127 3375 Nigra
1152 3308 1259 3361 scilicet
1284 3311 1363 3380 lepra

351 3379 467 3446 graviter
505 3375 647 3428 laborabat
681 3376 823 3446 Abgarus,
857 3377 923 3429 iude
957 3375 1095 3439 Uchorno,
1133 3377 1227 3446 niger,
1262 3397 1365 3450 cepo-

349 3449 484 3510 miuatur,
508 3453 541 3498 ut
565 3446 681 3514 bayerns
710 3447 739 3498 in
761 3447 831 3500 Hire
857 3447 994 3500 Edessena
1015 3464 1042 3516 p.
1062 3449 1118 3516 rot.
1137 3449 1301 3516 arbitratur,
1330 3448 1365 3502 de

351 3533 450 3590 genere
479 3517 554 3570 euim
582 3516 671 3569 morbi
697 3531 754 3570 uon
780 3520 909 3572 convenit
934 3519 1009 3570 inter
1032 3518 1185 3588 scriptores.
1220 3519 1304 3572 Matri
1330 3520 1366 3573 de

350 3591 454 3641 mutuis
471 3587 570 3658 Abgari
591 3595 619 3638 et
637 3585 740 3640 Christi
765 3588 890 3658 epistolis
909 3588 1067 3658 scripsere„
1081 3592 1229 3661 praecipue
1247 3590 1366 3642 Grabius

353 3658 447 3726 spicil.
466 3657 511 3710 PP.
528 3656 585 3710 T.l
605 3658 667 3710 init
736 3657 766 3726 6)
785 3658 955 3711 Constantia.
975 3657 1010 3711 de
1028 3658 1132 3714 Christi
1148 3661 1266 3731 imagine
1282 3661 1368 3713 Edes-

354 3731 729 3866 tttttttttttt*
747 3728 927 3869 titii?
938 3729 1006 3850 lt·
1018 3729 1368 3869 1⁰v⁰i'i'7'¹'5.ii‘¹c⁰0.⁶ri?i

291 3903 294 3914 .
352 3873 497 3940 propterea
521 3869 669 3920 exercitum
689 3867 751 3919 urbi
772 3869 924 3921 admovisse
940 3869 1055 3933 scribit,
1080 3879 1126 3931 ut,
1154 3887 1227 3941 quac
1244 3869 1280 3924 de
1298 3873 1368 3922 ima·
1484 3884 1488 3900 ¹

353 3939 417 4010 gine
430 3940 519 4024 ’sumo
543 3937 737 4002 tradebantur,
759 3939 898 3993 mendacii
920 3948 1055 4010 argueret
1090 3940 1175 3993 Paulo
1198 3941 1280 4000 aliter
1295 3942 1369 3996 con·

355 4016 466 4068 runnu.
485 4025 563 4080 por·
582 4015 682 4064 narrat.
820 4031 824 4039 ·
