3042 4825
254 18 343 130 706
460 37 734 113 consilarius
764 49 1133 122 ronrumoonurra

250 207 360 283 τυχεῖν
379 199 434 284 τῆς
454 200 561 266 αὐταῖν
582 203 782 288 ἀντιλήψεως
804 195 865 290 ήδη
887 209 1186 293 προευτρεπέζοιται
1207 209 1292 274 ὑπὸ
1325 213 1402 274 τοῦ

249 304 439 384 τεταγμένου
460 305 637 383 βασιλικῶν
658 310 951 392 πρωτοσπαθαρέου
972 303 1033 386 ἔξω
1054 313 1113 374 τοῦ
1133 307 1231 394 βήλου
1281 311 1402 376 ἕστο-

225 399 399 482 λὶλισμένοι
421 399 542 487 ῥοαέοις
561 405 695 487 σαμέοις.
736 406 771 469 ἐν
792 407 828 470 δὲ
849 407 888 493 τῇ
907 403 1024 472 τούτων
1043 409 1199 498 εἰσαγωγῇ
1219 433 1404 496 reponam·-

251 503 454 586 εισὲρχονται
473 505 520 592 τῷ
547 504 704 592 βασιλικῷ
724 503 877 594 α’στιαρίιρ
907 504 1058 590 ὁμότιμοι
1086 511 1148 576 τῶν
1178 507 1400 590 μελλόντων

196 666 200 675 ,
250 609 361 683 τυχεῖν
381 595 579 687 ἀντιλήψεως
599 595 713 689 ἄνδρες
732 605 982 694 σπαθαροφόροι
1002 617 1104 694 τρεῖς,
1125 608 1183 674 καί
1203 607 1240 680 τό
1272 609 1422 695 eosq-5

251 705 309 776 θες
330 704 428 785 σέβας
448 699 634 788 ποιήσαντες
656 703 853 787 ἀναμένουσι
875 705 955 791 πρὸς
975 705 1009 772 τό
1032 710 1128 794 βήλον
1147 705 1297 786 ἑστῶτες
1324 708 1398 796 τήν

252 803 313 865 τοῦ
333 801 538 885 εἰσαγομένου
559 805 756 890 παρουσίαν,
788 807 846 870 καέ
864 799 962 884 αὖθις
982 811 1039 872 τοῦ
1058 805 1159 896 βήλου
1183 813 1400 874 πετασθέν-

252 921 325 982 τος,
352 904 595 987 συνεισέρχεται
624 907 671 992 τῷ
697 908 853 995 βασιλικῷ
885 899 1035 997 όστιαρέρι
1058 906 1076 971 ό
1097 909 1162 973 τοῖν
1182 913 1393 992 βασιλικῶν

252 1003 545 1086 πρωτοσπαθόριος
563 999 708 1088 ἐἰσάγων
738 1003 795 1070 τὸν
822 1008 979 1088 μέλλοντα
1010 1017 1119 1091 τυχεῖν
1141 1009 1393 1093 ἀντιλήψεως,

256 1101 314 1165 καῖ
331 1103 441 1166 τοῦτον
460 1103 713 1189 προτρεπόμενος
736 1104 824 1188 τρισὶ
847 1104 955 1183 τόποις
985 1111 1118 1192 ποιήσαι
1137 1105 1195 1193 τήν
1215 1106 1431 1195 πρασιιό-ιο
1479 1115 1480 1134 ¹

256 1223 368 1284 νήσιν,
397 1203 521 1286 ἵστησιν
535 1202 640 1289 Ιαότόν
659 1203 743 1270 κατὰ
769 1203 941 1292 πρόσωπον
963 1209 1024 1272 τοῦ
1046 1211 1203 1290 βασιλέως
1222 1206 1324 1293 πρὸς
1347 1207 1392 1272 τὸ

257 1300 436 1377 ἔξοίκεέοον
456 1305 576 1389 χειροῖν
596 1298 699 1374 αότοῦ
721 1310 833 1388 λαβεῖν
853 1303 890 1371 τὸ
916 1311 1068 1392 βραβεῖον
1085 1311 1143 1372 τοιίΙ
1172 1303 1387 1391 ἀξιώματος.

230 1402 320 1468 cras*
336 1398 454 1488 μικρόν
475 1402 574 1469 αὐτόν
594 1402 650 1471 τόν
668 1405 808 1490 τυχόντα
829 1407 1003 1492 διαστήσας
1024 1404 1251 1486 &antoniane
1272 1407 1389 1475 ὅτιν’-

257 1496 317 1576 τός
346 1503 635 1590 πρωτοσπαθόριος
663 1507 846 1592 περιβάλλει
876 1501 966 1597 αὐτῷ
995 1505 1031 1572 τό
1063 1509 1158 1574 δοθὲν
1185 1505 1279 1594 παρὰ
1315 1510 1384 1573 τοῦ

256 1603 415 1682 βασιλέως
427 1607 588 1688 βραβεῖον,
610 1607 666 1669 καῖ
681 1596 778 1682 αὖθις
798 1600 893 1672 αὐτὸν
912 1605 1126 1694 προσωθήσας
1147 1606 1421 1673 condonarent

256 1709 349 1764 ποιεῖ
363 1697 439 1777 τούς
459 1700 569 1788 ἱεροός
589 1701 691 1780 πόδας
712 1708 771 1769 τοῦ
790 1707 958 1787 βασιλέως·
1001 1707 1217 1792 καταχθέντος
1237 1708 1276 1772 δὲ
1310 1708 1380 1772 αεῖ-
1474 1695 1476 1714 ’Ἰ

259 1799 320 1863 τοῦ
338 1798 418 1887 πρὸς
444 1809 510 1880 τοῖς
530 1804 638 1887 κότω,
669 1805 698 1870 οἱ
727 1800 872 1887 ὁμότιμοι
890 1809 946 1871 τοῦ
975 1805 1154 1888 ἀξιώματος
1181 1799 1303 1894 όνιῖρες
1330 1804 1381 1880 ὥς
1474 1883 1476 1897 ,

260 1900 408 1987 ῖσότιμον
427 1901 641 1986 εἰσδεξάμενοι
662 1907 775 1992 pstor,
796 1903 832 1970 τό
853 1909 950 1990 σε’βας
970 1908 1161 1992 πληροῦντες
1180 1904 1239 1991 τήν
1263 1901 1377 2007 τήχα-
1473 1897 1475 1920 “

206 2020 208 2023 ’
258 2009 402 2094 ριστεέαν
424 2002 480 2070 διό
502 2007 559 2089 τῆς
579 2003 822 2092 προσκυνήσεως
842 2009 888 2096 argi
907 2009 1040 2090 βασιλεῖ
1051 2008 1292 2092 προσφωνοῦσι,
1317 1999 1380 2070 καὶ

259 2109 485 2190 συνεξέρχεται
505 2106 615 2194 τοότιρ.
656 2102 678 2191 ή
701 2108 737 2170 δὲ
765 2108 957 2192 παρεστῶσα
978 2103 1103 2170 πόντων
1124 2106 1189 2171 τοῖν
1208 2107 1267 2170 τοῦ
1286 2119 1410 2170 xcv-2⁰

261 2207 428 2291 βουκλεέου
451 2207 524 2283 α’ξιά
545 2203 757 2287 τὸνβασιλέα
781 2207 879 2285 α’ξέως
899 2205 1173 2290 έπευφημήσασα,
1202 2207 1259 2270 καί
1278 2200 1373 2288 αότή

261 2308 486 2391 συνεξέρχεται
508 2303 645 2382 τούτοις.
686 2303 868 2389 εἰσάγονται
891 2306 927 2370 δὲ
947 2306 1049 2370 πᾶσαι
1071 2303 1105 2369 αἱ
1119 2308 1182 2371 τοῖν
1201 2303 1255 2370 tut
1282 2310 1371 2392 βρα-

335 2415 520 2513 7.,συρέντος
543 2442 671 2513 legasse
692 2450 776 2514 putat
798 2445 826 2495 R.
860 2459 912 2513 pro
940 2444 1143 2501 πετασθέντος.
1237 2461 1283 2505 ao.
1297 2454 1371 2501 συν-

332 2516 423 2585 εξέρχ.
444 2516 490 2579 n,
506 2516 676 2585 συνέρχεται
700 2514 754 2567 cod
780 2523 808 2568 ct
825 2512 868 2567 ed·

262 2652 336 2689 eram
360 2636 533 2689 maiestatem
557 2637 588 2687 in
607 2635 755 2705 propatulo
778 2635 918 2705 expositis.
956 2634 1037 2703 erae
1060 2636 1109 2706 qui
1133 2633 1260 2703 adepturi
1285 2638 1367 2693 sunt,

263 2716 341 2759 extra
358 2708 451 2759 velum
468 2707 558 2776 parati
573 2713 704 2758 tenentur
717 2722 733 2755 a
748 2705 928 2757 basilicarum
955 2707 999 2757 vel
1026 2706 1246 2759 caesarianorum
1267 2712 1366 2773 proto-

263 2777 405 2848 spathario
425 2794 485 2830 esna
502 2778 604 2829 iurem
623 2777 766 2845 delegato,
786 2778 857 2845 sagis
872 2775 963 2829 rubris
979 2776 1078 2828 induti.
1115 2778 1186 2829 Ante
1201 2790 1265 2827 vero
1281 2792 1366 2847 qnam

262 2865 315 2918 per
327 2850 419 2901 velum
436 2846 662 2909 introducantur,
680 2850 825 2900 introeunt
841 2848 923 2898 simui
941 2863 1001 2897 cum
1025 2846 1163 2916 imperiali
1179 2846 1293 2898 ostiario
1311 2855 1366 2897 tres

262 2920 317 2969 viri
332 2918 442 2989 spathas
460 2925 614 2988 gestantes,
633 2919 769 2998 dignitate
780 2920 853 2981 illis,
873 2918 921 2988 qui
937 2916 1154 2969 munificentiam
1170 2924 1198 2968 ct
1210 2916 1365 2968 mercedem

262 2989 397 3042 virtutum
409 2990 538 3059 adepturi
558 2996 640 3051 sunt,
660 2990 799 3059 aequales.
837 2988 890 3051 lli,
909 2995 940 3039 ut
956 2989 1109 3057 principem
1128 2996 1260 3039 consueto
1286 2987 1364 3039 cultu

262 3063 388 3113 venerati
408 3068 488 3121 sunt,
506 3067 684 3129 exspectant,
703 3060 778 3129 apud
798 3061 889 3113 velum
910 3066 1029 3121 stantes,
1053 3056 1246 3110 introducendi
1263 3056 1364 3109 adven·

262 3139 339 3193 tum,
357 3132 542 3200 protinusque
557 3138 589 3182 ut
600 3130 692 3183 velum
708 3131 852 3183 reductum
870 3130 971 3192 luerit,
998 3128 1089 3180 intrat
1105 3130 1188 3181 simul
1207 3146 1268 3181 cunr
1288 3129 1363 3196 regio

264 3202 378 3255 ostiario
394 3200 631 3271 protospatharius
647 3201 839 3263 basilicarum,
856 3200 1034 3253 introducens
1047 3198 1246 3253 honorandum.
1284 3200 1364 3251 nunc

215 3274 235 3310 -’
263 3270 391 3324 hortatur
410 3270 499 3323 tribus
518 3273 549 3322 in
574 3272 689 3326 diversis
714 3274 783 3324 iocis
803 3272 954 3343 Augustum
974 3271 1105 3334 adorare,
1134 3270 1251 3323 collocat
1273 3284 1361 3328 coram

263 3343 378 3396 Domini
392 3342 487 3404 vultu,
505 3359 560 3412 quo
572 3358 605 3393 ex
619 3346 706 3413 ipsius
717 3342 844 3395 manibus
863 3341 1005 3411 dignitatis
1017 3342 1125 3412 insigne
1139 3342 1265 3411 accipiat
1289 3340 1363 3392 Idem

264 3411 504 3484 protospatharius
529 3430 591 3465 eum
615 3414 646 3466 id
670 3423 781 3467 nactum
812 3418 886 3463 retro
914 3413 1088 3495 aliquantum
1115 3415 1145 3465 in
1172 3413 1287 3479 vestigia
1316 3425 1362 3461 sua

262 3485 343 3538 vultu
361 3485 488 3536 irretorto
508 3486 583 3553 agit,
602 3493 631 3537 et
651 3486 769 3555 acceptis
789 3502 804 3536 a
823 3483 943 3537 Domino
961 3482 1117 3554 insignibus
1131 3483 1239 3545 induit,
1258 3499 1363 3534 rursus·

264 3572 320 3627 que
339 3572 465 3624 prorsum
483 3554 596 3607 ductum
616 3559 688 3625 cogit
712 3575 801 3609 sacros
819 3555 932 3627 Augusti
951 3554 1036 3624 pedes
1064 3555 1190 3607 osculari.
1228 3555 1263 3605 Ut
1281 3552 1363 3605 rediit

265 3624 395 3680 reductus
414 3625 450 3678 ad
468 3642 530 3687 eos,
550 3627 599 3698 qui
618 3630 691 3680 inira
711 3628 746 3679 ad
765 3629 858 3680 velum
878 3633 970 3689 stant,
989 3626 1043 3695 ipsi
1056 3624 1192 3696 dignitate
1204 3640 1301 3693 pares,
1319 3639 1362 3675 rc·

266 3696 376 3767 cipiunt
402 3705 434 3749 ut
460 3699 578 3749 amicum
606 3708 635 3751 et
650 3699 802 3767 collegam,
821 3700 1027 3749 venerationem
1042 3696 1158 3766 Augusti
1175 3696 1362 3755 absolventes,

265 3769 414 3837 gratiarum
429 3770 568 3821 actionem
587 3786 662 3821 suam
680 3770 772 3822 eidem
790 3781 856 3822 voce
879 3770 950 3820 clara
970 3776 998 3820 ct
1019 3767 1181 3819 adoratione
1196 3766 1362 3835 significant,

265 3847 296 3891 et
319 3856 381 3890 cum
404 3856 475 3893 novo
495 3839 599 3909 collega
621 3842 702 3893 simul
728 3840 841 3893 abeunt.
882 3840 988 3893 Pariter
1010 3839 1121 3891 adstans
1144 3837 1265 3890 cubiculi
1293 3842 1362 3887 totus

266 3908 336 3961 ordo
348 3912 432 3963 simul
445 3928 505 3963 cnm
521 3912 578 3963 iilis
607 3911 668 3963 abit
690 3921 754 3980 post
776 3911 871 3963 laudes
889 3917 917 3963 ct
934 3910 1007 3962 hom
1025 3910 1108 3963 verba
1125 3909 1245 3979 principi
1264 3908 1362 3959 decen-

266 3980 409 4039 terdicta.
444 3982 662 4041 Introdutuutur
680 3990 773 4038 autern
793 3985 905 4049 omncs)
923 3998 995 4053 quac
1009 3996 1071 4037 cusa
1084 3978 1196 4037 brabcis
1220 3978 1265 4035 rel
1284 3991 1362 4049 prce·
