3042 4825
190 226 194 245 ,
263 192 345 274 292
465 183 738 253 consummi
774 181 1143 251 courmoenmrr

256 368 311 408 τοι
331 342 432 408 ε’κεῖσε
452 342 487 405 έν
506 347 576 417 ταῖς
596 339 703 404 αῦτοῦν
722 335 846 415 τάξεσι·
887 339 1086 425 τελεσθείσης
1103 341 1139 407 δὲ
1159 342 1216 421 τῆς
1236 343 1357 427 φωνῆς,

258 438 464 507 irroratur-i
484 434 656 523 βασιλεῦς,
687 439 742 503 καί
762 438 858 503 αῦλεῖ
874 435 910 504 τό
934 428 1084 524 ὄργανον,
1112 441 1169 505 καί
1189 442 1316 504 ἵσταται
1337 433 1358 502 ό

257 537 409 626 βασιλεῦς
430 530 563 605 όπισῦεν
589 541 648 603 τοῦ
669 540 823 618 σέντζον,
860 536 916 602 καί
943 534 1045 604 όπέσω
1077 541 1181 603 ου’τοῦ
1211 529 1357 603 λστανται

256 643 406 723 εὐνοῦχοι
427 636 712 725 πρωτοσπαθόριοι
732 637 943 722 η’λλαγμένοι,
974 641 1030 703 καί
1049 634 1232 724 ἔμπροσθεν
1253 631 1355 701 αῦτοῦ

256 739 401 805 ἵστανται
428 731 577 825 ἄρχοντες
604 740 660 803 τοῦ
680 735 902 817 κοοβουκλείον
932 733 1024 801 ἔνθεν
1045 732 1170 801 κοίκεῖσε
1190 733 1272 818 μετὰ
1292 745 1378 810 rso-5

255 840 385 926 τρικίων
404 864 437 906 τε
456 837 514 904 καί
532 840 716 923 στρατηγῶν
735 839 833 921 μέχρι
853 839 914 921 τῆς
927 836 1115 921 εἰσαγοόσης
1135 836 1236 919 πόλης
1256 840 1292 901 ἐν
1311 840 1354 923 τῷ

253 942 523 1026 χροσοτρικλίνηι.
575 939 630 1003 καί
650 935 759 1020 λαβών
791 939 891 1017 νεῦμα
914 936 932 1004 ό
953 935 1160 1023 πραιπόσιτσς
1187 934 1275 1021 παροί
1298 937 1356 1001 τοῦ

254 1042 420 1123 βασιλέως,
440 1040 552 1103 διἰἰωσι
566 1040 667 1119 νεῦμα
688 1037 938 1126 κοσβικονλαρίῳ
953 1040 996 1125 τῷ
1011 1035 1195 1125 φωνοβόληι,
1211 1032 1355 1111 κάκεῖνος

223 1136 458 1224 οπαρακῦψας,
480 1134 565 1204 νεόει
586 1138 620 1201 ἐκ
641 1140 746 1223 τρίτου
770 1140 814 1223 τῷ
828 1141 893 1225 λαηῦ
906 1134 960 1201 διό
980 1142 1036 1221 τῆς
1048 1135 1167 1223 χειρός,
1188 1133 1244 1199 καί
1259 1135 1355 1199 παύει

253 1236 290 1302 τό
308 1228 450 1323 ὄργανον,
475 1235 536 1303 σῦν
559 1236 646 1325 αὐτῷ
661 1237 717 1300 καί
735 1235 765 1301 οἱ
782 1238 842 1300 τοῦ
859 1238 988 1319 μέρους,
1004 1236 1060 1301 καί
1075 1232 1091 1298 ὅ
1106 1232 1286 1322 φωνοβόλος
1303 1235 1399 1299 λε’-ιο

249 1358 309 1419 χεν
330 1335 370 1418 ,,ό
393 1336 633 1417 παντοόόναμος
651 1338 706 1401 καί
720 1337 885 1411 πολοέλεος
902 1337 1003 1409 Θεὸς”
1018 1337 1074 1400 καί
1081 1337 1121 1400 τὰ
1131 1332 1212 1421 ἑξῆς.
1232 1332 1289 1398 καί
1302 1357 1355 1397 τε·

251 1437 401 1511 λέσαντος
423 1430 531 1517 αὐτοῦ,
554 1428 709 1519 ἄρχονται
728 1434 758 1499 οἱ
780 1437 837 1499 τοῦ
856 1437 974 1520 μέρους
995 1436 1159 1499 αἰτεῖσθαι
1178 1430 1236 1509 τοὶς
1256 1432 1354 1517 συνή-

250 1540 322 1612 θεις
342 1538 502 1619 τέσσαρας
523 1534 672 1620 αἰτήσεις,
693 1536 748 1599 καί
766 1532 888 1600 τοότων
907 1537 1006 1619 πέρας
1025 1531 1212 1621 εἰληφότων,
1234 1531 1353 1599 νεόειό

249 1632 402 1718 βασιλεῦς
421 1637 465 1721 τῷ
482 1636 690 1723 πραιποσέτιρ,
704 1628 844 1710 κάκεῖνος
857 1635 902 1723 regi
917 1634 1099 1720 φωνοβόληι,
1116 1626 1259 1709 κάκεῖνος
1275 1658 1353 1698 συν-

248 1733 372 1799 τίθεται
393 1730 446 1798 διὰ
468 1737 522 1818 τῆς
540 1730 668 1818 χειρός,
696 1734 732 1797 ἑκ
752 1733 863 1817 τρίτον
883 1737 976 1798 τοῦτο
995 1736 1095 1798 τελῶν
1116 1736 1190 1797 καθ’
1215 1728 1397 1815 ἓκοίστηνιό

250 1833 395 1919 αἴτησιν,
428 1832 472 1907 οῦς
494 1833 641 1916 ἀνωτέρω
663 1828 795 1916 εἴρηται.
841 1835 909 1921 (H.)
932 1827 1008 1898 Εἶθ’
1028 1828 1129 1909 οῦτως
1151 1824 1351 1917 διέρχεται-ό

248 1931 400 2015 βασιλεὺς
422 1929 475 1995 διὰ
496 1934 555 1996 τοῦ
576 1930 680 1994 αἰτοῦ
701 1932 853 2015 ἡλιακοῦ,
884 1933 1124 2019 δηριγευόμενος
1150 1928 1214 1995 sind
1235 1956 1271 1996 τε
1290 1932 1353 1996 νῦν

251 2032 418 2115 ἀρχόντων
436 2031 494 2094 τοῦ
514 2027 747 2109 κοσβοοκλείου,
769 2030 944 2117 πατρικίων
961 2056 997 2095 τε
1017 2029 1072 2097 καί
1084 2034 1278 2118 στρατηγῶν,
1298 2033 1354 2096 καί

216 2131 428 2213 Βείσὲρχεται
450 2130 485 2193 ἐν
504 2130 548 2216 τῷ
568 2127 838 2216 χροσοτρικλίνηι,
869 2128 924 2191 καί
943 2131 1074 2192 ἵσταται
1094 2128 1276 2213 ἔμπροσθεν
1296 2128 1353 2193 τοῦ

252 2231 399 2308 σέντζοο,
432 2224 462 2292 οἱ
484 2229 520 2293 δὲ
547 2230 770 2311 προειρημένοι
797 2226 912 2301 πάντες
932 2228 1076 2292 ἵστανται
1104 2225 1198 2292 ἔνθεν
1216 2222 1396 2294 κόνεῖσε.το

253 2324 309 2391 καί
329 2324 436 2407 λαβὼν
457 2329 561 2406 νεῦμα
583 2324 600 2390 ό
622 2322 827 2411 πραιτιόσιτος
853 2321 943 2409 παρὰ
975 2329 1030 2390 τοῦ
1057 2330 1230 2408 βασιλέως,
1268 2328 1352 2409 λέγει

250 2423 479 2510 ,,κελεόσατε·”
523 2424 553 2490 οἰ
575 2427 611 2492 δὲ
641 2424 871 2511 ῦπερεόχονται
897 2424 952 2491 τόν
971 2430 1107 2508 βασιλέα
1125 2429 1195 2509 ,,εἰς
1215 2424 1351 2502 πολλοῦς

249 2525 419 2612 χρόνονς,”
439 2529 495 2591 καί
515 2527 707 2610 ἐξέρχονται.
728 2530 788 2590 τοῦ
809 2529 844 2590 δὲ
863 2529 1018 2607 βασιλέως
1040 2526 1246 2606 εἰσελθόντος,
1268 2534 1352 2607 λαμ-

98 2624 342 2710 minautoro
365 2621 382 2691 ό
404 2625 612 2710 πραιπόσιτος
632 2623 668 2690 τό
692 2629 818 2707 στέμμα
838 2620 899 2689 siuti
918 2628 975 2711 τῆς
995 2629 1135 2712 κεφαλῆς
1155 2620 1274 2706 αὐτοῦ,
1296 2623 1353 2688 καί

248 2721 445 2800 εἰσελθόντες
476 2722 506 2789 οἱ
532 2723 718 2811 βεστητορες
738 2723 939 2808 λαμβάνουσι
959 2729 1015 2790 καί
1034 2726 1129 2790 αῦτοί
1146 2723 1203 2810 την
1222 2726 1391 2809 ginno-25

249 2951 358 2994 cautum
387 2945 538 3011 Imperator
556 2945 659 3014 surgit,
687 2961 817 3014 organum
839 2945 977 3013 pulsatur,
1005 2944 1159 3014 Imperator
1176 2961 1249 3012 poue
1267 2943 1349 2998 thro-

236 3029 333 3072 ·πιιω,
358 3030 373 3064 ιι
392 3022 467 3083 tergo
487 3015 546 3066 eius
566 3014 685 3067 esiuuchi
706 3015 919 3084 protospatharii
937 3016 966 3067 iu
985 3016 1150 3080 mutatoriis,
1174 3025 1239 3068 unte
1257 3017 1346 3084 ipsum

248 3083 382 3153 praefecti
424 3085 552 3136 cubiculo
590 3086 624 3137 ab
656 3093 775 3155 utroque
804 3087 892 3139 latere
922 3103 985 3136 eum
1018 3088 1141 3156 patriciis
1168 3095 1198 3138 et
1220 3089 1347 3156 strategis

248 3153 284 3204 ad
303 3163 408 3220 portum
426 3172 513 3226 usque
531 3157 561 3208 iu
583 3171 695 3208 aureum
713 3157 865 3208 triclinium
877 3156 1023 3208 dueentem
1044 3165 1127 3211 stant.
1163 3159 1347 3226 Praepositae,

248 3226 325 3292 siguo
344 3225 378 3275 ab
404 3227 569 3295 imperatore
587 3235 716 3295 accepto,
744 3226 943 3279 cubicularium
963 3237 1168 3296 praecentorem
1186 3237 1295 3288 monet,
1323 3230 1347 3280 is

247 3295 415 3363 prospiciens
434 3306 476 3348 ter
494 3314 574 3348 manu
595 3297 699 3364 populo
719 3299 827 3359 annuit,
845 3315 1003 3368 organoque
1024 3307 1052 3349 et
1069 3299 1240 3350 factionariis
1259 3301 1349 3351 silen-

246 3365 338 3426 tibus,
365 3369 469 3434 precari
489 3367 603 3436 incipit:
632 3369 811 3437 Omnipotens
829 3382 856 3422 st
880 3367 962 3422 diver
987 3366 1181 3422 misericordia
1199 3370 1276 3424 Deus
1293 3379 1348 3426 ete.

247 3433 310 3504 Quo
330 3437 428 3500 finito,
453 3439 608 3491 factionarii
635 3446 755 3509 quatuor
772 3440 899 3491 solennes
917 3441 1067 3507 petitiones
1085 3440 1250 3503 instituunt,
1277 3457 1348 3510 qua·

246 3521 306 3558 sum
325 3516 356 3558 ut
375 3508 438 3560 datu
457 3509 537 3578 eopia
550 3518 600 3569 est,
618 3511 768 3578 Imperator
787 3512 960 3579 praeposito,
981 3509 1027 3562 hie
1045 3514 1217 3578 praecentori
1235 3513 1347 3573 anuuit,

245 3577 269 3626 is
288 3593 370 3629 rnauu
390 3587 431 3630 ter
449 3581 565 3642 anuuit,
593 3579 679 3650 idque
705 3579 739 3630 ad
761 3581 881 3650 singulas
906 3583 1093 3650 precationes,
1120 3589 1250 3650 utsupra
1270 3581 1345 3633 dixi-

245 3663 320 3707 ruus,
348 3653 458 3717 repetit.
494 3649 611 3713 (viti.)
635 3651 680 3702 Sic
697 3651 847 3719 imperator
863 3668 913 3722 per
939 3650 1012 3703 idem
1041 3652 1171 3704 solarium
1190 3651 1343 3723 digressus,

245 3719 391 3784 praesectis
410 3721 549 3783 cubiculi,
577 3721 714 3790 patriciis,
739 3723 864 3792 strategis
882 3722 1097 3785 comitantibus,
1123 3739 1237 3775 aureum
1253 3723 1345 3774 ttieii·

244 3789 321 3840 nium
342 3791 509 3859 ingreditur,
534 3800 563 3843 et
581 3799 645 3844 ante
667 3791 796 3844 thronum
814 3793 954 3855 subsistit,
979 3793 1009 3845 in
1027 3803 1145 3864 utroque
1164 3795 1223 3846 eius
1242 3792 1345 3854 latere,

244 3875 314 3930 quos
333 3861 467 3924 diximus,
486 3878 621 3930 proceres.
658 3863 830 3932 praepositus
848 3872 882 3916 nt
898 3863 933 3915 ab
952 3865 1118 3932 imperatore
1137 3866 1244 3934 siguum
1260 3880 1341 3916 acee-

242 3930 299 3996 pit,
330 3930 414 3985 dieit:
443 3931 554 3998 Ιαέεκες
582 3929 794 4003 λιλΙισρειιιοτὶ
812 3943 936 4003 tempora
955 3936 1043 3987 muita
1061 3936 1216 4005 suppremi,
1244 3934 1336 3987 disee·

243 3999 321 4052 dunt.
359 4005 524 4071 imperatore
545 4004 682 4072 ingmaro,
712 4007 884 4076 praepositus
903 4023 1032 4059 eoronam
1049 4006 1084 4058 ab
1105 4007 1164 4059 eius
1182 4006 1274 4076 capite
1292 4003 1345 4057 sle·

242 4071 313 4136 ruit,
328 4075 471 4129 vestitores
490 4077 613 4128 tunicam
630 4085 743 4130 sumunt
759 4084 789 4130 et
807 4075 998 4148 egrediuntur:
1016 4078 1084 4142 iiie,
1101 4078 1125 4130 si
1144 4076 1254 4146 piaret,
1273 4092 1341 4146 pro·
