3042 4825
244 181 332 286 ⁶⁰4
449 209 720 278 consulturus
764 212 1129 279 uonrnunoonnrn

243 367 438 452 βρουμαλίου
474 368 662 449 βασιλικίοις
700 359 869 456 ᾀδομένοις
905 365 1109 456 άντιφάνως,
1145 367 1348 453 διέρχονται,

215 460 446 550 Βπληρσάντων
472 462 534 552 γάρ
562 468 626 532 τοῖν
655 472 841 554 μαγίστρων
871 465 954 550 μετὰ
983 470 1042 553 τῆς
1072 468 1178 535 αὐτῶν
1206 465 1345 552 τάξιας,

241 555 393 648 άρχοιται
421 559 451 628 oi
479 568 539 630 rosi
570 569 812 652 κουβοοκλειλιυ.
851 563 919 635 εἶτα
949 571 1013 634 τῶν
1033 571 1095 632 τοῦ
1110 569 1341 651 κουβοσκλιίοα

239 659 441 749 πληροάντοον
460 663 543 746 μετὰ
564 669 620 752 τῆς
640 660 747 733 αὐτῶν
768 667 904 751 τάξεως,
928 661 1083 756 ἄρχονται
1104 666 1135 734 οἲ
1155 661 1341 733 istium

239 759 398 848 πατρίκιοι
417 762 456 829 τά
473 761 542 830 ἴδια
561 767 669 833 αάτοόν
685 770 744 834 τοῦ
762 771 962 855 βροομαλίου
983 770 1147 852 βασιλίιιια
1168 769 1225 832 καί
1243 763 1368 850 usito&

241 863 432 948 πληροῦσιν,
461 861 507 941 σάς
525 868 731 954 προείρηται,
759 865 843 950 μετά
865 871 921 954 τῆς
943 867 1049 935 αὐτῶν
1070 867 1203 946 τάξεως.
1244 868 1280 933 έν
1302 866 1345 930 dl
1377 939 1383 948 .

241 963 283 1048 τῇ
313 963 447 1053 δευτέρᾳ
477 965 565 1044 τάξει
600 963 800 1052 εἰσέρχονται
827 965 859 1032 οἶ
882 970 945 1032 τῶν
972 966 1143 1051 ταγμάτοιν
1170 958 1345 1052 ἄρχοντες·

240 1060 305 1127 τοῦν
327 1065 472 1146 σχολῶν,
494 1066 553 1128 τοῦ
578 1063 741 1150 ἀριθμοῦ,
773 1067 838 1132 τῶν
855 1066 1017 1152 νουμέριον
1034 1067 1069 1132 έν
1084 1068 1145 1158 μιᾷ
1160 1062 1266 1143 τάξει·
1308 1058 1360 1128 οἷ’

242 1161 279 1225 di
297 1163 362 1225 τῶν
383 1159 601 1244 ἑξσκουβίταν,
637 1160 669 1227 oi
689 1157 832 1230 ἱκανάτσι
854 1164 910 1230 καί
931 1165 962 1230 οἱ
981 1167 1041 1232 τοῦ
1061 1166 1230 1249 βασιλικοῦ
1250 1163 1341 1228 utut*-

241 1283 305 1341 μου
326 1261 362 1326 έν
379 1255 473 1350 ἓτέρρι
491 1258 594 1340 τάξει.
638 1253 727 1328 uisos
747 1263 784 1328 dl
802 1261 919 1342 πάντες
944 1266 979 1332 έν
1006 1268 1051 1354 τῷ
1072 1264 1194 1352 σαξίμιγ
1214 1259 1391 1345 laudii-10

217 1371 357 1426 cvouow
377 1358 465 1444 παρά
490 1360 547 1426 του
571 1357 626 1426 ἐπὶ
645 1364 703 1446 τῆς
725 1363 882 1447 τραπέζης
906 1355 1096 1448 σἰποκόμβια,
1123 1361 1341 1450 ειλφημσῦπες
1391 1359 1399 1373 ’

244 1459 302 1522 καί
322 1455 532 1542 ἐπευχόμενοι
552 1458 609 1525 τάν
629 1464 767 1544 βασιλέα
790 1463 845 1528 καὶ
861 1458 920 1547 τήν
940 1463 998 1526 τοῦ
1017 1465 1217 1548 βρουμαλιόυ
1237 1456 1342 1526 orituri

246 1555 355 1623 αἰσίαν
383 1553 520 1643 ἡμέραν.
570 1559 690 1643 ἰστέον,
730 1555 776 1625 ὅτι
802 1561 858 1626 ἐπί
881 1563 1023 1637 Λέοντος
1046 1563 1105 1625 τοῦ
1131 1564 1339 1648 φιλοχρέοτου

245 1654 400 1722 δεσπότου
423 1655 572 1744 &condiri
594 1654 715 1737 οὕτως.
755 1660 797 1747 τῇ
818 1658 972 1746 ἐπαύριον
997 1660 1056 1724 τοῦ
1082 1662 1282 1746 βρουμαλίου
1308 1658 1341 1722 l-

245 1778 343 1822 στατο
367 1754 428 1837 μία
454 1755 595 1846 τράπεζα
619 1759 654 1824 έν
679 1761 725 1847 τῷ
741 1757 955 1846 άριστητηράρ
973 1758 1146 1844 οἰκειοτέρα
1162 1756 1217 1824 διά
1242 1759 1385 1843 sossius&

245 1853 301 1921 καί
316 1853 358 1921 τά
376 1854 485 1940 έγγάς,
509 1859 544 1923 έν
561 1849 582 1946 ᾗ
601 1859 777 1944 σονηοτίοιν
795 1859 841 1949 τῷ
856 1855 983 1948 μεγάλῳ
1000 1863 1132 1942 βασιλεῖ
1143 1854 1175 1920 οἱ
1192 1855 1339 1941 συνήθως

98 1961 148 2016 llo
158 1953 335 2043 αοὸάιαάτῷ
352 1955 596 2038 συνοπτώμενοι
602 2007 613 2039 ,
637 1955 780 2040 μάλιστα
798 1957 908 2024 οἰκεῖοι
924 1957 981 2021 καί
995 1964 1155 2041 συγγενεῖς
1172 1958 1231 2021 τοῦ
1245 1961 1340 2040 βασι-

241 2056 331 2136 λέως,
356 2053 541 2140 μάγιστροι,
568 2053 790 2140 πραιπόσιτοι,
813 2050 992 2140 άνθάπατοι
1024 2053 1183 2140 πατρίκιοι
1211 2055 1268 2119 κατ’
1293 2055 1341 2120 ol·

246 2159 327 2216 κεϊοι
347 2151 630 2240 πρατοσπαθάριοι
656 2153 713 2221 καί
731 2149 823 2221 άλλοι
841 2157 926 2233 τινὲς
947 2152 1084 2240 γνωστοὶ
1098 2157 1157 2220 τοῦ
1175 2154 1338 2238 βασιλέως.

246 2252 282 2316 έν
302 2253 338 2316 δὲ
355 2251 402 2341 τῷ
418 2251 612 2341 περιβλέπτιμ
632 2258 858 2344 τρικλίνιρτοῦ
873 2255 1101 2321 Ἰουστινιανοῦ
1118 2253 1228 2320 ἵστατο
1247 2247 1378 2337 ἑτέροιο

209 2346 388 2439 Ιιτράπτζα
409 2347 464 2417 διά
484 2354 518 2432 έξ
537 2356 594 2422 καί
612 2351 652 2422 τά
674 2351 769 2443 ε’γγάς
797 2353 992 2438 άποκοπτὸν,
1031 2356 1067 2420 έν
1089 2345 1113 2443 ᾖ
1133 2350 1341 2433 έκαθέζιτοά

249 2580 350 2628 strutus
369 2576 473 2629 intrant
491 2576 603 2647 quidem
622 2576 705 2629 simul
722 2590 818 2629 omncs
836 2578 868 2631 ln
884 2578 1034 2638 saniorum,
1051 2582 1081 2628 ot
1098 2575 1244 2629 ordiuntur
1260 2572 1341 2627 simul

248 2662 344 2699 omues
369 2646 541 2716 tripudium
558 2656 588 2699 at
604 2648 654 2701 ubi
678 2645 714 2699 ad
734 2648 905 2701 concinendo
928 2652 1072 2718 poemata,
1089 2642 1143 2699 boo
1159 2654 1201 2699 est
1218 2645 1342 2699 bssilieis

248 2716 396 2781 brumalii,
414 2726 575 2787 perventum
595 2726 654 2782 est,
676 2734 734 2770 non
753 2734 843 2789 acque
865 2726 969 2770 canunt
989 2733 1084 2771 omncs
1102 2718 1201 2781 simol,
1218 2716 1281 2781 scd,
1298 2724 1358 2768 sc·'

250 2804 328 2841 oessu
339 2790 421 2851 lacto,
434 2803 484 2859 por
496 2790 595 2841 classes
605 2786 816 2860 etantiphoniss
830 2789 1004 2841 alternantes.
1022 2786 1053 2842 Ε.
1063 2803 1086 2845 c.
1099 2790 1210 2859 quando
1223 2787 1342 2857 magistri

252 2862 342 2931 etqui
356 2858 390 2911 ad
414 2864 507 2913 eorum
520 2860 631 2911 classem
649 2860 792 2931 pertinent
800 2858 924 2912 canendo
938 2874 1018 2910 suum
1026 2873 1142 2928 pensum
1151 2859 1342 2921 absolverunt,

251 2935 318 2981 tunc
327 2930 467 2999 incipiunt
476 2929 639 2983 cubicularii
650 2930 736 3001 etqui
752 2930 891 2982 adcorum
901 2930 1013 2982 classem
1045 2928 1174 2982 ertincnt.
1193 2928 1242 2979 llis
1251 2944 1342 2979 rursus

251 2998 452 3063 desinentibus,
469 3000 523 3053 inci
546 3002 607 3054 iunt
622 3000 799 3071 proconsules
816 3000 923 3069 patricii
951 3007 981 3052 et
998 3016 1014 3051 s
1052 3000 1131 3054 illam
1151 3000 1262 3050 classem
1279 3014 1343 3069 sps·

251 3076 357 3123 ctautes
378 3070 504 3125 basilicis
521 3017 651 3125 brumalii
667 3072 722 3125 sibi
740 3072 849 3143 propria
861 3086 968 3129 canere.
984 3068 1171 3142 Postprimum
1189 3068 1259 3121 banc
1273 3070 1343 3121 clas-

250 3156 308 3193 sem
319 3157 462 3211 procerum
481 3144 566 3195 intrat
578 3144 607 3195 in
620 3146 753 3196 saximom
771 3141 887 3194 secunda
906 3140 998 3194 classis
1015 3143 1221 3213 magistratuum
1239 3146 1343 3211 tagma-

251 3218 312 3263 tum
331 3230 379 3265 seo
399 3213 527 3265 ordinum
545 3215 723 3278 militarium,
741 3222 774 3266 ut
791 3211 963 3276 scholarum,
982 3210 1093 3265 nritbml
1112 3219 1142 3264 ot
1158 3225 1343 3272 numerorum,

251 3282 335 3337 simul
354 3290 383 3335 et
400 3283 431 3335 in
448 3300 504 3337 uuo
521 3300 651 3356 corpore:
671 3285 700 3337 in
715 3284 802 3337 altero
820 3287 911 3336 sutem
921 3298 1036 3351 corpore
1050 3283 1155 3337 intrant
1172 3284 1343 3353 magistratus

253 3351 461 3419 excubitorum,
479 3355 669 3407 hieanntorum
687 3362 716 3407 ct
735 3352 886 3426 imperialis
911 3354 1010 3424 ploimi
1028 3370 1077 3406 scu
1096 3353 1214 3405 militiae
1231 3352 1345 3405 navalis.

252 3422 290 3477 lli
310 3442 403 3477 omnes
433 3426 573 3495 occipiunt
599 3428 629 3479 in
656 3426 758 3479 saxlnm
786 3425 947 3495 apocombia
963 3440 1014 3495 per
1030 3440 1142 3478 mensas
1161 3424 1344 3496 praelectum,

253 3492 440 3569 laudibusque
459 3505 487 3550 et
506 3498 578 3551 votis
599 3494 746 3550 Dominum
765 3497 884 3549 faustum
925 3513 940 3549 e
959 3503 1043 3569 atque
1055 3497 1196 3549 solennem
1215 3493 1345 3547 brumalii

254 3566 291 3617 ab
311 3564 371 3634 ipso
391 3566 523 3620 celebrati
543 3567 616 3619 diem
636 3575 849 3641 prosequuntur.
904 3568 941 3619 ob
960 3564 1054 3619 Leone
1071 3565 1212 3619 Christum
1236 3573 1344 3619 sonante

251 3636 372 3689 Domino
391 3630 472 3709 typ'us
491 3638 637 3693 obtinebat
658 3636 711 3691 hic.
754 3638 848 3691 Altero
877 3636 1076 3690 brumallorum
1095 3636 1141 3689 dle
1160 3636 1345 3707 collocabatur

253 3708 286 3761 in
305 3710 447 3779 pransorlo
471 3726 525 3762 una
552 3724 645 3762 menso
669 3711 778 3782 privata
801 3725 852 3778 pro
873 3708 963 3762 tribus
989 3707 1047 3761 iere
1065 3706 1205 3761 missibus.
1242 3708 1281 3759 Eo
1300 3704 1345 3758 dio

253 3778 298 3832 ibi
316 3779 532 3833 convivabantur
547 3782 665 3833 maximo
683 3780 844 3851 Imperatori
860 3781 992 3834 concisse
1008 3776 1156 3841 ordinarii,
1174 3778 1346 3848 potissimum

254 3849 407 3903 lamlliarcs
425 3851 579 3905 intimiores
597 3860 626 3905 ct
643 3851 774 3905 affinitate
792 3853 880 3906 iuncti
889 3850 1026 3921 magistri,
1045 3850 1211 3921 praepositi,
1229 3867 1247 3919 p

255 3921 329 3974 soles
343 3922 454 3990 patricii
473 3930 501 3975 ct
517 3924 616 3993 privati
636 3920 870 3995 protospatharii,
888 3924 992 3995 aliique
1007 3920 1120 3991 quidam
1138 3923 1198 3973 noti
1217 3927 1246 3975 et
1360 3975 1364 3986 ,

255 3992 427 4062 imperatori.
471 3994 503 4047 lu
526 3995 628 4047 illustri
652 4004 744 4048 nutem
770 3995 916 4047 lustinioni
945 3992 1068 4045 triclinio
1087 3992 1274 4045 collocabatur
1291 3988 1317 4042 al
1354 3989 1364 4006 ⁵

254 4061 361 4131 privata
377 4078 469 4116 mensa
487 4082 537 4135 pro
556 4082 604 4118 sex
628 4074 676 4117 nist
694 4064 892 4135 propemodum
908 4062 1050 4130 missibus3
1078 4062 1224 4117 assidebat
1234 4061 1275 4114 ibi
1290 4062 1346 4113 lm·

256 4140 369 4205 perator
385 4136 479 4193 luuioi
500 4132 844 4212 [Alexandeslctreliqui
859 4135 1001 4206 magistri,
1017 4130 1209 4208 proconsules,
1226 4132 1347 4206 patricii,

1282 4313 1308 4359 Ι
