3042 4825
326 191 610 262 eremmon.
635 186 775 255 annau
802 187 972 252 ιιιτιιιι.
1006 189 1047 252 u.
1068 151 1129 258 ιι.»
1185 157 1271 246 663

179 347 215 430 s',
243 350 301 414 arai
325 347 357 415 oi
384 346 490 416 λοιποί
515 343 581 412 circi
610 337 814 426 νομισμάτων
832 341 871 426 γ’.
912 341 943 407 oi
967 337 1030 406 riui
1052 343 1111 405 τσῦ
1130 341 1421 423 &pereffluam

178 450 243 514 τῶν
263 449 452 537 Θρρκρσίων
478 447 514 512 ἐν
544 445 585 533 τῇ
607 433 722 530 Κρήτῃ
743 437 956 525 περάσαντες,
990 440 1008 504 6
1032 437 1224 527 στρατηγὸς,
1257 440 1277 508 6

177 544 383 632 τσνρμιὶρχρς
401 549 465 612 τῶν
490 545 721 624 Θεσδσσιαιιιόν,
743 539 773 606 oi
795 541 1001 626 τονρμάρχαι
1024 541 1092 604 των
1110 539 1277 626 βικτόρων,

180 647 209 711 oi
230 644 437 732 τουρμαὶρχαι
456 649 513 730 τῆς
532 642 688 731 παραλίου
699 694 710 724 ,
732 640 750 706 6
771 637 970 727 μερισὶρχρς,
1000 637 1016 705 6
1045 635 1278 728 χαρτσυλάρισς

155 748 233 817 5σοῦ
254 748 404 827 θέματος,
427 745 445 809 6
465 741 565 830 κόμης
585 747 641 826 τῆς
661 741 786 828 κόρτρς,
809 739 826 805 6
849 741 1031 822 δσμέστιιιος
1050 739 1109 804 τοῦ
1128 739 1279 820 θέματος,

179 841 490 931 ιλρσνγγαρσιιόμρττς
517 840 574 926 ξδ’,
603 840 728 926 ἔχοντες
750 837 780 905 οἱ
803 841 895 906 αὗταί
915 834 1229 927 δρσνγγαρσκόμητες
1248 835 1280 903 oi

177 940 238 1023 pis
259 940 321 1007 ἀντὶ
341 947 547 1031 στρατιωτῶν
567 943 636 1024 660,
659 939 689 1006 oi
711 943 746 1006 δὲ
769 936 832 1006 ἀνὰ
853 941 1056 1023 στρατιωτῶν
1075 935 1112 1022 γ’,
1134 936 1179 1013 ὦς
1199 931 1281 1003 εἶναι

178 1039 214 1105 τὸ
234 1043 298 1120 πᾶν
318 1043 518 1129 στρατιώτας
539 1039 597 1128 ρν’.
639 1038 703 1104 α’πό
733 1043 791 1124 τῆς
821 1033 1037 1126 speciosiorem
1066 1039 1124 1104 soii
1142 1059 1282 1121 στρατη-

178 1143 238 1222 γοῦ
278 1135 615 1228 ὃπρωταμανδάτωρ,
654 1138 671 1205 6
691 1137 1022 1226 πρωτακαγκελλάρισς
1029 1187 1039 1218 ,
1061 1134 1080 1200 6
1099 1135 1311 1222 πρωτσρλιιν-Β

144 1237 337 1328 ιοδσφόρος,
358 1243 646 1327 πρωτσδομέστικοι
666 1238 704 1323 ς’,
734 1241 1011 1325 πρωτσκὲνταρχσι
1031 1234 1069 1320 ς’,
1096 1240 1282 1322 προελεσσι-

176 1347 271 1422 μαῖαι
299 1343 390 1419 πεζοί
418 1335 457 1426 ρ’.
498 1336 561 1405 ἀπὸ
579 1341 644 1405 τῶν
668 1339 846 1425 Ἀρμενίων
871 1340 936 1402 τῶν
965 1332 1194 1423 φυλασσόντων
1222 1331 1282 1418 τὴν

178 1438 342 1523 παραλίαν
361 1441 421 1504 τοῦ
440 1442 596 1522 θέματσς.
623 1435 668 1515 ὦς
687 1435 749 1524 γὰρ
773 1433 927 1522 σῖνὴγαγεν
947 1436 965 1500 6
987 1431 1175 1523 στρατηγὸς,
1196 1427 1283 1517 εἶχεν

179 1539 240 1612 ἓως
259 1539 324 1602 τῶν
339 1536 369 1620 χ’
391 1540 645 1620 ἐξωπλισμένους
665 1533 747 1622 πρὸς
766 1534 800 1600 τὸ
824 1535 964 1621 περάσαι
992 1537 1026 1600 ἐν
1048 1530 1184 1620 Κρήτῃ·
1226 1529 1280 1596 troi

180 1634 217 1698 tt
237 1633 294 1721 τήν
317 1630 483 1721 ὀλιγότητα
503 1639 568 1701 τῶν
587 1636 777 1721 καματέρων
806 1637 971 1720 superficies
993 1632 1032 1698 osi
1053 1626 1284 1717 συνεχωρήθη-

146 1738 244 1802 ricus
263 1731 413 1820 περάσαι,
433 1735 466 1800 εί
482 1731 529 1819 μὴ
551 1732 583 1798 ei
603 1729 640 1800 ν’.
670 1729 734 1798 ἀπὸ
756 1737 817 1799 τσῦ
838 1731 958 1818 parton
979 1736 1038 1819 τῆς
1056 1731 1199 1816 resipuere
1218 1732 1284 1796 sois

183 1836 406 1901 Θεοδσσιακῶν
424 1830 525 1918 κόμης
546 1830 586 1914 α’,
613 1832 789 1919 προαγίται
812 1833 849 1914 δ’,
882 1831 899 1896 6
919 1827 1202 1916 πρωτσμανδσὶτωρ
1223 1831 1283 1894 τοῦ
1374 1907 1379 1918 ¹

180 1927 391 2018 τσαρμάρχοω
418 1927 459 2013 α’,
497 1932 718 2013 ὃδσμὲστικσς
746 1934 804 2000 τοῦ
832 1930 1038 2017 τονρμάρχσιι
1060 1931 1099 1995 α’·
1142 1929 1224 2012 ὁμοῦ
1244 1927 1282 2008 ζ·

183 2028 246 2094 ἀπὸ
274 2033 332 2096 τσῦ
360 2028 480 2113 βάνδσα
510 2034 569 2095 τοῦ
598 2027 766 2115 μεραρχσν
798 2025 917 2113 ὁμοίως
939 2028 973 2111 ζ.
1016 2024 1282 2116 &suspecturus

183 2129 222 2192 osi
243 2133 430 2216 προσέταξεν
448 2127 465 2197 6
482 2127 694 2216 δρσυγγάριος
715 2132 773 2194 τοῦ
786 2133 922 2211 πλσίμαν
942 2129 1084 2215 πτράσαι
1105 2131 1140 2195 ἐν
1157 2125 1315 2218 Κρήτῃ,(λ

146 2229 218 2296 aost’
232 2224 280 2313 ptr}
301 2220 458 2311 ἄρχοντας
478 2229 537 2292 καί
554 2229 750 2314 προαγέτσς.
793 2225 845 2292 ὅτι
866 2225 883 2292 6
905 2226 1114 2316 τανρμσίρχης
1141 2227 1206 2294 τῶν
1234 2232 1288 2310 βι-

185 2324 304 2412 κτόρων
318 2323 372 2392 tui
389 2326 424 2392 τό
439 2321 586 2392 ἀσθενεῖν
608 2326 707 2392 αὐτὸν
726 2330 920 2417 κατελείφθη
942 2326 1031 2415 παρὰ
1055 2330 1114 2394 tori
1130 2329 1287 2412 riporum*

187 2429 258 2513 ρι’σν
286 2430 346 2493 τοῦ
372 2428 583 2515 ulciscentis
611 2429 752 2514 φύλαξιν
779 2430 836 2513 τῆς
866 2430 1028 2516 παραλίου
1058 2430 1117 2495 τοῦ
1137 2430 1288 2512 θέματος.

189 2677 257 2748 gorii
275 2686 382 2743 ternos,
399 2680 503 2732 milites
521 2679 612 2735 binos.
649 2680 838 2734 Sthiabesiani
856 2681 888 2732 in
904 2680 1041 2732 ¹ebsieium
1059 2678 1152 2733 thema
1169 2677 1290 2734 traducti

189 2757 218 2801 et
238 2745 280 2799 ihi
297 2747 418 2818 depositi
437 2766 529 2821 rogam
548 2751 723 2819 accipiebant
739 2752 826 2804 hanes
851 2758 907 2803 tres
927 2766 1022 2802 eorum
1046 2751 1184 2821 capitanei
1204 2768 1291 2803 num-

188 2833 249 2872 mos
266 2821 384 2889 quinos,
401 2820 504 2890 reliqui
520 2828 624 2872 ternos.
659 2822 718 2892 Qui
736 2838 752 2875 s
770 2822 891 2874 themata
904 2820 1115 2875 'thracesiorum
1133 2821 1164 2874 in
1178 2820 1288 2873 cretam

190 2888 379 2955 ustie-iebant,
397 2899 478 2943 erant
495 2889 540 2943 hi:
563 2898 698 2961 strategus
718 2894 764 2944 rei
779 2901 890 2961 praetor
911 2900 960 2943 aut
979 2908 1104 2963 praeses,
1132 2892 1288 2945 turmarcha

190 2960 460 3023 Theodosiacorum,
492 2960 665 3013 turmarchae
692 2962 846 3026 victorum,
875 2964 1048 3016 turmarchae
1071 2963 1288 3027 maritimorum,

191 3032 356 3096 merinrcha,
377 3031 562 3084 chartularius
582 3030 726 3094 thematis,
745 3048 836 3085 comes
852 3034 950 3097 cortis,
969 3034 1136 3087 domesticus
1150 3032 1290 3099 thematis,

192 3102 505 3172 drongarocomites64‚
534 3117 653 3173 quorum
671 3103 721 3154 alii
746 3102 841 3168 binos,
866 3104 916 3155 alii
934 3112 1028 3155 ternos
1047 3104 1151 3155 milites
1170 3103 1221 3156 sub
1240 3121 1290 3156 sua

192 3172 377 3242 dispositione
395 3171 547 3237 habehant,
583 3173 623 3225 ita
649 3181 682 3225 ot
708 3174 811 3226 milites
837 3176 867 3225 in
894 3175 1051 3227 uuiversum
1071 3178 1162 3227 essent
1179 3181 1291 3227 centum

192 3252 222 3297 et
239 3242 450 3313 quinquaginta.
487 3244 530 3295 De
550 3243 727 3312 processione
745 3244 790 3297 vel
805 3244 893 3297 officie
914 3247 1025 3315 strategi
1046 3244 1160 3298 aderant
1177 3244 1292 3314 expedi·

191 3313 263 3366 noni
282 3312 526 3380 protomandator,
554 3315 835 3382 protoeauceilarius,
858 3314 1130 3383 protohandosorus,
1157 3314 1293 3386 protodo-

191 3384 300 3438 mestici
317 3398 374 3448 sex,
391 3382 612 3455 protocentarchi
631 3385 658 3447 6,
679 3385 907 3454 processionales,
923 3384 953 3437 id
972 3394 1014 3438 cst
1029 3386 1214 3457 apparitores,
1228 3401 1294 3437 cen-

191 3463 258 3507 tum.
295 3458 337 3508 Dc
357 3458 482 3507 Armenis
509 3458 640 3525 ripariam
668 3473 746 3508 suam
764 3455 1001 3521 custodientibus,
1027 3458 1151 3527 quamvis
1174 3456 1292 3508 haberet

192 3535 328 3594 strategus
348 3533 427 3591 tum,
457 3544 544 3597 quum
568 3524 699 3579 edisceret
722 3530 752 3579 in
783 3526 989 3597 expeditionem
1018 3528 1193 3592 Cretensem,
1217 3526 1291 3579 uiros

192 3605 314 3648 armatos
331 3596 367 3648 ad
385 3605 543 3658 sexcentos,
570 3605 693 3649 attamen
717 3614 775 3651 nou
799 3599 961 3667 permissum
980 3607 1022 3652 est
1038 3592 1193 3670 pluribus,¹
1207 3612 1292 3667 quam

193 3668 412 3737 quinquaginta,
426 3669 495 3722 viris
513 3668 639 3720 traiicere
660 3667 697 3718 oh
715 3670 882 3738 paucitatem
901 3664 1074 3721 carabiorurn
1094 3668 1291 3720 onerariorum.

194 3737 237 3789 De
268 3738 361 3790 bando
394 3746 502 3788 turmae
536 3737 791 3792 Theodosiacorum
829 3740 944 3791 aderaut
976 3756 1066 3792 comes
1089 3755 1177 3802 unus,
1208 3753 1292 3807 proa-

194 3814 273 3874 getae
290 3824 338 3860 seu
353 3809 491 3878 primipiii
503 3818 638 3878 quatuor,
655 3808 882 3879 protomsndator
895 3810 1067 3864 turmarchae
1081 3808 1166 3873 unus;
1185 3808 1291 3859 iaciunt

196 3878 280 3927 simul
307 3887 412 3947 septem
436 3879 536 3947 capita.
571 3881 613 3931 De
637 3878 729 3931 bando
755 3880 912 3932 merarchae
929 3882 1034 3951 pariter
1052 3878 1167 3932 aderant
1185 3884 1291 3948 septem

195 3948 256 4000 viri.
297 3945 387 4001 Causa
411 3950 472 4000 eius
489 3952 530 4002 rei
548 3950 617 4002 haec
630 3957 697 4004 erat
733 3951 905 4021 Drangarius
920 3951 1012 4004 elassis
1023 3953 1139 4003 iusserat
1153 3949 1212 4001 eius
1228 3945 1291 4000 the-

196 4020 278 4069 matis
295 4035 352 4069 non
370 4020 489 4084 milites,
512 4020 562 4072 sed
585 4029 692 4072 tantum
711 4030 831 4073 rectores
848 4031 878 4073 et
893 4023 1049 4091 primipilos
1070 4020 1172 4074 adesse.
1215 4018 1290 4073 Tur-

196 4088 306 4141 marcha
323 4090 459 4145 victorum
476 4089 688 4164 relinquebatur
706 4106 723 4141 a
741 4091 890 4163 drungario
913 4092 1021 4157 classis,
1048 4098 1195 4163 propterca
1215 4088 1291 4160 quod
