3042 4825
270 256 301 359 4
478 274 750 345 consoranrr
789 271 1155 342 ronrnraocnarn

274 430 511 520 όνατρεχοόσης
539 426 595 495 καί
622 426 676 495 διό
699 428 792 494 τοῦτο
807 428 999 513 θαυμαστῆς
1014 416 1112 510 οόσης
1126 421 1239 489 ἔθνεσί
1250 447 1287 491 τε
1311 426 1368 489 καὶ

273 530 448 619 ἡμετέροις.
488 526 588 591 πολλὰ
614 522 674 612 γάρ
703 518 770 590 οἶδε
792 525 837 610 τῷ
852 524 966 612 μακρῷ
991 523 1097 611 χρόνῳ
1124 520 1368 607 σοναποληγειν,

274 630 318 707 ὥς
338 631 372 695 όν
400 626 488 711 αότρῖ
520 626 707 709 πραχθέντα
742 621 798 686 καί
820 620 875 687 ὕπ’
903 622 1004 687 edred
1027 616 1256 701 δαπανώμενα,
1289 624 1367 701 μεθ’

274 720 321 791 ὧν
343 727 399 789 καί
419 718 454 789 τό
476 722 561 805 μέγα
583 724 695 805 χρῆμα
718 721 774 784 καί
797 724 918 803 τίμιον,
951 719 1047 803 ἤτῆς
1065 717 1230 801 βασιλείου
1248 714 1364 795 τόξεως

242 820 397 899 Βέκθεσίς
411 843 446 885 τε
460 822 515 884 καί
527 817 739 899 όιτοτόπωσις,
759 810 798 903 ἧς
815 814 1051 903 παροραθείσης
1069 814 1143 898 καί,
1164 808 1231 881 οἷον
1254 817 1386 899 εἷπεῑν,5

271 922 557 1006 όπονεκρωθείσης,
579 910 819 981 ἀκαλλώπιστον
836 918 882 1003 regi
900 908 965 979 όντι
980 916 1036 979 καί
1050 914 1182 998 δοσειδη
1198 910 1257 998 την
1270 918 1366 995 βασι-

272 1014 359 1084 λείαν
377 1010 418 1101 ἦν
435 1016 584 1101 καθορᾷν.
626 1008 730 1099 οἷόσπερ
757 1010 820 1099 γὰρ
851 1010 1000 1093 στόματος
1013 1008 1057 1096 μη
1074 1009 1279 1095 εόσχημόνοος
1293 1011 1367 1073 δια-

270 1112 515 1195 πεπλασμένον,
536 1108 616 1176 ἄλλό
642 1108 769 1198 φόρδην
796 1107 854 1174 καί
871 1104 929 1173 oda
953 1106 1155 1195 εόαρμόοτως
1176 1110 1239 1173 τῶν
1260 1108 1366 1189 μελιόν

274 1206 363 1299 αότῷ
388 1210 614 1293 συγκειμένων,
651 1208 784 1286 ἀταξίαν
814 1200 855 1272 όίν
880 1230 931 1283 τις
958 1204 994 1270 τό
1021 1206 1166 1271 τοιοῦτον
1186 1203 1365 1292 προσείποι,

248 1302 361 1379 codro
379 1310 433 1371 καί
447 1307 505 1370 rod
522 1306 690 1389 βασιλικοῦ
712 1304 938 1386 πολιτεύματος
955 1302 1000 1388 μὴ
1018 1303 1106 1380 τόξει
1131 1302 1288 1387 ἀγομένου
1308 1300 1409 1366 καίεο

274 1404 531 1491 κοβερνωμένοο,
552 1410 619 1469 κατ’
647 1403 741 1469 οὐδέν
764 1405 878 1468 διωσει
901 1404 956 1487 τῆς
980 1402 1141 1486 ἰδιωτικῆς
1154 1402 1211 1467 καί
1236 1392 1365 1464 όνελεα-

272 1506 372 1589 θέρον
406 1504 571 1586 διαγωγῆς.
612 1494 653 1567 ἵν)
685 1494 742 1565 σόν
766 1499 812 1585 μη
836 1504 929 1565 τοῦτο
958 1500 1087 1583 γένηται
1131 1500 1187 1563 κατ’
1225 1495 1365 1578 δόξωμεν

273 1594 414 1675 ότόκτως
433 1595 621 1685 φερόμενοι,
641 1594 699 1683 τὴν
712 1598 881 1683 βασιλικὴν
896 1597 1104 1681 καθυβρίζειν
1125 1592 1364 1679 μεγαλειότητα,

273 1701 339 1764 δεῖν
356 1697 523 1787 ᾠήθημεν,
544 1691 602 1761 όσα
617 1720 653 1761 τε
678 1692 765 1781 παρὰ
782 1697 844 1759 τῶν
867 1691 1086 1780 παλαιοτέρων
1118 1694 1282 1780 ἒφεορέθη
1308 1691 1366 1757 καί

272 1793 359 1883 παρὰ
380 1796 443 1861 τόν
472 1788 658 1880 ἑωρακότων
690 1794 858 1877 διηγγέλθη
879 1795 934 1858 καί
948 1794 1023 1879 παρ’
1041 1787 1133 1877 ἡμῶν
1152 1786 1258 1858 adreio
1271 1792 1408 1859 έθεό-τό

241 1899 318 1979 Βθη
344 1894 400 1957 καί
431 1892 466 1959 έν
494 1887 570 1975 ἡμῖν
593 1888 770 1975 ἓνηργήθη,
800 1894 905 1955 ταῦτα
925 1885 1081 1979 φιλοπόνῳ
1102 1892 1217 1979 μελέτη
1234 1892 1270 1955 όκ
1287 1897 1366 1955 πολ-

273 1994 337 2057 λόόν
362 1990 574 2075 έρανίσασθαι
606 1988 662 2054 καί
692 1986 773 2073 πρός
796 1987 987 2053 εόσόνοπτον
1017 1985 1198 2073 κατάληψιν
1223 1988 1268 2076 τῷ
1301 2014 1365 2053 πα-

275 2086 366 2176 ρόντι
387 2088 543 2153 ἐκθέσθαι
564 2083 831 2171 φιλοτεχνήματι,
851 2085 907 2151 καί
920 2084 1063 2172 πατρίσιν
1088 2086 1174 2151 teor
1194 2108 1366 2171 παρεωρα-

161 2200 215 2258 Mc.
229 2188 387 2269 δαιμόνων
410 2180 587 2269 παράδοσιν
608 2192 674 2261 τοῖς
700 2188 775 2266 μεθ’
795 2184 880 2267 ἡμᾶς
903 2182 1156 2270 ένσημῄνασθαι,
1178 2185 1235 2248 καί
1255 2178 1364 2270 ιόσπέρ

203 2292 349 2349 Μιδῑτινα
377 2274 460 2367 όνθη
481 2282 516 2345 έκ
539 2279 700 2365 λειμιόνων
722 2283 944 2366 δρεψαμένοας
966 2283 1013 2355 τίς
1038 2274 1224 2367 όσόγκριτον
1246 2277 1407 2369 εόπρὲ-το

278 2404 371 2448 πειαν
388 2382 427 2468 τῇ
447 2383 597 2469 βασιλικῇ
615 2380 821 2467 παραθέσθαι
843 2375 1056 2465 λαμπρότητι,
1081 2381 1138 2444 καί
1156 2373 1223 2447 οἷόν
1246 2405 1279 2445 τι
1305 2378 1364 2446 κό-

280 2503 417 2566 τοπτρον
445 2481 572 2562 διαυγὲς
595 2481 649 2544 καί
674 2474 863 2563 νεόσμηκτον
891 2481 926 2544 έν
947 2480 1056 2560 μέσοις
1085 2487 1152 2553 ταῖς
1177 2475 1363 2564 ἀνακτόροις

162 2576 488 2667 Εδιβὶδρόσασθαι,
508 2579 542 2644 έν
560 2567 587 2669 ᾧ
603 2574 659 2644 καί
671 2573 710 2644 τό
726 2578 766 2667 τῇ
791 2578 940 2667 βασιλειρ
957 2571 1043 2664 όργῇ
1059 2576 1221 2664 πρέποντα
1247 2576 1306 2644 καί
1320 2578 1361 2644 τό

346 2747 371 2784 α
390 2727 454 2783 οἶδα
472 2729 514 2785 ed.

278 2893 343 2946 atriu
373 2889 477 2944 civibm
505 2889 679 2948 admirationi
706 2895 754 2942 ert
799 2888 888 2943 Multa
924 2889 1001 2942 enim
1033 2887 1176 2942 obaervata
1201 2887 1362 2960 aliqnando,

277 2963 359 3032 longo
379 2970 500 3030 tempore
524 2961 644 3024 abolita,
668 2957 786 3013 deficere
797 2960 906 3021 colent,
928 2974 1048 3030 cumque
1065 2957 1109 3010 hir
1121 2975 1245 3042 mapnnrn
1266 2968 1295 3012 ct
1311 2976 1361 3010 re·

277 3031 429 3085 cerandum
447 3047 533 3100 oper,
558 3032 794 3100 hperatoriarnm
818 3029 1023 3081 cerimoniarum
1045 3025 1193 3098 deacriptro
1219 3037 1248 3080 et
1279 3045 1361 3097 regn·

249 3109 252 3114 '
277 3101 319 3152 ia:
347 3117 399 3170 qua
419 3099 540 3169 neglecta
563 3107 661 3182 ntpue,
685 3109 717 3152 ut
734 3101 774 3152 ita
792 3098 896 3161 dicam,
913 3107 1001 3151 morte
1032 3099 1185 3158 exstincta,
1213 3098 1360 3168 imperinm

278 3170 400 3223 deforme
418 3170 529 3221 omnino
549 3177 577 3222 et
594 3169 752 3221 indecorum
772 3170 908 3237 apparuit.
944 3169 982 3220 Ut
1001 3169 1075 3219 enim
1092 3185 1204 3238 corpore
1222 3187 1278 3220 non
1301 3167 1359 3220 ele·

295 3247 372 3292 anter
393 3239 521 3300 formato,
550 3236 599 3291 aed
623 3238 750 3290 membris
768 3238 886 3308 turpiter
903 3254 935 3289 ac
957 3237 1072 3290 distorte
1099 3238 1128 3289 in
1147 3255 1179 3291 eo
1208 3238 1359 3300 collocatio,

278 3309 307 3360 td
327 3309 385 3360 iure
408 3309 506 3378 aliquis
535 3307 724 3360 consutionem
750 3307 866 3369 dixerit,
889 3307 928 3358 ita
953 3324 1063 3379 quoque
1087 3308 1264 3377 Imperatoria
1296 3308 1359 3358 aola

278 3378 434 3430 inordinate
453 3377 640 3430 adminirtrata
660 3385 688 3429 et
707 3378 871 3447 gubernata,
895 3376 1041 3429 inhonesta
1058 3376 1107 3429 iiia
1124 3386 1154 3430 et
1171 3395 1267 3451 parum
1283 3377 1359 3430 libe·

279 3449 328 3500 raii
347 3449 520 3499 institutione
538 3446 711 3498 in'niiriium
729 3445 876 3516 redigetur.
915 3447 956 3498 Ne
973 3445 1026 3499 hoc
1052 3447 1135 3516 igitur
1163 3452 1304 3517 contingat
1329 3454 1360 3499 et

277 3535 326 3569 nor
352 3517 476 3569 ordinem
502 3516 687 3586 negligenter,
718 3517 921 3586 imperatoriam
946 3515 1108 3568 dedecorare
1125 3521 1295 3570 maicatatem
1317 3517 1359 3568 ri·

279 3586 405 3650 dearnur,
425 3588 602 3638 necessarium
621 3588 790 3654 putavimus,
809 3596 867 3638 tum
885 3584 958 3656 apud
977 3587 1146 3670 antiquioreo
1164 3596 1281 3658 reperta,
1298 3593 1358 3638 tum

278 3655 312 3708 ab
335 3659 386 3717 iis,
405 3659 452 3726 qui
471 3655 537 3707 haec
556 3655 696 3719 viderunt,
717 3657 814 3719 relata,
832 3665 891 3708 tum
915 3653 1025 3707 anobis
1049 3658 1116 3725 rprit
1143 3666 1286 3726 conspecta
1312 3655 1358 3706 in·

279 3743 332 3795 que
350 3727 411 3778 auin
430 3733 519 3778 nostra
531 3727 657 3790 exercita,
679 3743 694 3776 e
709 3727 802 3777 multia
817 3725 924 3777 accidua
939 3741 1002 3777 cura
1029 3741 1173 3809 conperere
1190 3735 1220 3780 et
1236 3727 1358 3778 omnium

279 3797 364 3848 ocuiic
384 3797 519 3864 praesenti
538 3811 619 3864 opere
640 3811 792 3865 exponere,
810 3797 910 3862 patrina
931 3793 1141 3848 consuetudine·
1174 3813 1247 3849 nunc
1263 3811 1299 3847 ne
1317 3794 1360 3846 ie·

275 3874 336 3928 ,ctae
361 3864 467 3918 tradere
495 3873 523 3916 et
550 3865 736 3918 commendere
754 3866 929 3932 porteritati,
947 3871 975 3915 et
999 3866 1078 3934 quasi
1104 3865 1184 3918 floreo
1209 3881 1285 3917 nonn
1315 3864 1357 3915 loo

279 3937 395 4004 cprntir
416 3933 606 4002 decerpenter,
624 3933 660 3986 ad
679 3933 891 4002 incomparabile
918 3932 999 3986 decor
1022 3935 1200 4005 Imperatorio
1216 3931 1359 4004 eplendori

278 4007 465 4071 committere,
489 4004 561 4058 iilud
576 4003 697 4088 deniqne
715 4020 800 4072 ορατ,
818 4012 956 4077 tamqnam
971 4003 1095 4056 incidam
1120 4022 1152 4056 ae
1170 4021 1265 4057 recena
1282 4002 1357 4071 poli-

276 4081 337 4126 tnm
355 4073 511 4144 apeculum,
536 4077 566 4128 in
584 4075 676 4127 medio
695 4075 768 4126 atrio
785 4073 935 4136 collocare,
960 4080 992 4126 ut
1009 4073 1038 4124 in
1056 4090 1090 4126 eo
1112 4082 1168 4126 tarn
1185 4071 1359 4143 Imperatoris

278 4144 468 4201 convenientia
483 4144 622 4216 dignitati,
639 4159 721 4216 quem
737 4142 922 4198 minaeorum
937 4144 1075 4211 cratemti
1098 4159 1217 4215 congrua
1234 4143 1358 4198 omnium
