3042 4825
321 262 376 324 oe
405 255 953 327 mememoratur.
978 258 1078 330 ιω,
1174 254 1261 342 299

166 411 258 499 μού
278 412 487 499 πραιαύσιτος
508 410 596 501 παρὰ
616 414 673 478 τοῦ
693 414 865 495 βασιλέως,
897 409 984 477 νεύει
1008 414 1053 499 τῷ
1078 411 1136 496 τῆς
1163 434 1262 475 κατα-

165 510 328 594 στύσεοος,
350 507 494 587 scirem:
513 515 597 596 λέγει
616 510 844 594 ,,κελεύσατε,”
864 508 921 575 καί
938 510 1111 593 ἀπέρχεται
1129 510 1261 585 ἕκαστος

166 612 202 677 ἓν
221 613 260 699 τῇ
281 613 348 699 ἰύύρ
370 611 468 677 αὐτοῦ
488 608 577 689 τύξει
596 635 631 677 τε
652 610 708 675 καὶ
725 605 854 681 στύσει.
897 607 916 673 ῦ
937 610 973 672 δὲ
992 612 1048 692 τῆς
1067 606 1289 673 antecedes-C

167 736 211 786 ως
232 710 365 796 ποιήσας
384 708 420 774 τύ
443 708 634 796 pernitiae,
654 709 700 786 οῦς
721 706 861 774 εἴθισται
890 709 995 794 αὐτῷ,
1023 708 1189 771 instatere
1217 706 1261 791 τῷ

144 806 301 893 ὄβασιλεῖ,
323 808 339 875 ὃ
362 810 397 873 δέ
417 806 568 891 βασιλεύς
588 807 732 874 desiduis
754 810 788 873 έν
805 809 848 894 τῷ
865 809 992 895 σέντζιρ,
1012 803 1267 892 κατασφραγιζει

164 906 223 974 τὸν
242 907 319 973 λαὸν
340 910 375 973 ἐκ
394 907 509 994 τρίτου,
532 906 587 972 κατ’
606 908 785 987 καθέζεται.
815 904 871 969 κατ’
889 904 908 968 o‘
929 903 1136 991 αραινιύσιτος
1157 900 1263 987 λαβῦν

163 1010 266 1087 νεῦμα
287 1005 375 1091 παρὰ
395 1010 454 1071 τοῦ
473 1009 646 1090 βασιλέως,
677 1004 874 1091 παρακύψας
903 1003 989 1070 νεύει
1018 1005 1063 1091 τῷ
1094 1006 1161 1091 λαῷ
1180 1000 1261 1088 e'x'y'

165 1102 220 1183 diei
240 1106 297 1189 τῆς
318 1102 443 1190 χειρὸς,
475 1104 530 1170 καί
549 1104 748 1190 ἡσυχάζουσι
767 1102 807 1169 τύ
830 1096 968 1189 ῦργανα,
997 1100 1038 1168 τύ
1060 1105 1097 1167 δὲ
1126 1100 1184 1167 ὐύο
1202 1104 1264 1183 μέ·-

164 1228 206 1289 ρη
226 1202 285 1280 τὰς
306 1203 458 1287 συνήθεις
479 1203 589 1291 φωνὰς
609 1206 666 1270 καί
684 1204 844 1289 εὐφημίας
864 1206 1042 1283 ἐκτελοῦσι,
1063 1202 1119 1266 κατ’
1137 1197 1262 1266 τούτων

126 1305 396 1385 ιοααυσαμένονν,
419 1304 516 1369 αὐλεῖ
530 1304 565 1369 τὸ
587 1296 718 1389 ῦργανον
738 1306 857 1389 μέρους
876 1304 1037 1384 Βενὲτονν,
1069 1302 1125 1366 καὶ
1143 1297 1258 1367 τούτου

165 1401 362 1486 αὐλήσαντος
382 1406 438 1467 καί
456 1407 682 1485 παυσαμένου,
713 1394 848 1488 ῦρχεται
867 1400 884 1467 ὁ
906 1403 1005 1485 δῆμος
1031 1402 1094 1466 τύν
1114 1402 1258 1465 Βενέτων

162 1498 221 1565 τὸν
240 1500 449 1583 οἷαελατικύν,
461 1500 516 1567 καί
534 1500 650 1567 τούτου
673 1502 884 1582 τελεσθέντος,
905 1493 1042 1585 ῦρχεται
1061 1498 1117 1584 τὴν
1138 1495 1260 1584 φωνήν.

163 1593 228 1664 εἶθ’
248 1594 351 1676 οῦτως
372 1600 528 1683 λαμβάνει
556 1604 658 1685 νεῦμα
679 1598 697 1666 o‘
718 1600 925 1688 πραιτιόσιτος
944 1596 1031 1683 παραὶ
1053 1600 1111 1663 τοῦ
1129 1596 1259 1679 βασιλέ-

164 1722 223 1779 οος,
253 1699 395 1775 κάκεῖνος
416 1694 574 1781 (insidiis,
607 1697 765 1783 λαμβάνει
784 1698 859 1775 τούς
880 1700 1084 1780 δομεστικους
1104 1693 1177 1770 τούς
1197 1706 1291 1776 pie-D

123 1794 299 1879 ιὸγύλοος,
320 1794 364 1874 οῦς
385 1796 403 1882 ἢ
426 1796 580 1883 συνήθεια
601 1796 684 1883 ἔχει,
707 1797 763 1864 καί
781 1794 1004 1877 κατελθύντες,
1040 1798 1187 1861 ἵστανται
1207 1794 1255 1869 εἰς

161 1892 219 1972 τύς
238 1893 341 1973 τάξεις
362 1895 479 1962 αὐτῶν·
519 1895 556 1963 τὸ
577 1895 654 1964 αὐτὸ
679 1900 715 1963 δὲ
736 1900 863 1962 πολοῦσι
880 1894 940 1960 καὶ
957 1893 989 1959 oi
1008 1891 1179 1978 Πρύσινοι,
1202 1894 1255 1957 ii-

160 2018 267 2077 μοντες
286 1992 325 2059 τύ
346 1986 427 2061 ῦκτα
448 1995 564 2077 αὐτῶν,
586 1999 716 2077 καύτοῦ
738 1991 873 2081 ὀργάνου
889 1990 1103 2079 αὐλήσαντος,
1127 1992 1255 2075 λέγουσι

160 2090 215 2157 τὸν
236 2092 431 2177 ὐπελατικόν,
453 2091 516 2162 εἶθ’
534 2092 634 2169 ούτιος
655 2094 715 2179 τὴν
737 2094 855 2181 φωνήν.
896 2092 952 2158 καὶ
970 2093 1134 2159 ἀνίσταται
1154 2091 1173 2157 ύ
1193 2097 1255 2175 βα·

160 2189 267 2266 σιλεύς
288 2187 349 2257 cini
369 2196 425 2257 τοῦ
444 2196 575 2272 σέντζου
597 2190 705 2274 αὐτοῦ,
728 2197 785 2258 κατ’
803 2193 938 2259 αὐλοῦσι
956 2192 997 2258 τοὶ
1020 2185 1157 2279 ῦργανα,
1178 2189 1195 2257 ὅ
1217 2194 1255 2257 δέ

117 2288 311 2374 οοβασιλεύς
330 2292 457 2356 ἵσταται
478 2292 523 2368 εἷς
541 2289 577 2357 τὸ
598 2295 736 2376 σέντζον,
759 2290 789 2357 οἱ
810 2295 847 2356 ‹53-
862 2293 1023 2377 πατρίκιοι
1042 2292 1099 2358 καί
1111 2291 1142 2357 oi
1156 2316 1256 2376 erpo·-
1278 2325 1283 2342 ·

159 2388 251 2474 τηγοί
270 2390 414 2456 ἵστανται
434 2392 481 2469 εἰς
500 2390 536 2458 τύ
559 2390 727 2479 τρύκσμχον
747 2389 839 2458 ἔνθεν
859 2392 997 2462 etnicos.
1039 2387 1109 2460 εἶτα
1129 2388 1255 2476 λαμβά-

160 2512 208 2553 νει
228 2492 330 2571 νεῦμα
352 2488 369 2554 ύ
390 2491 598 2577 αραιτιύσιτος
617 2491 705 2578 τιαρύ
728 2495 786 2556 τοῦ
805 2494 981 2592 βασιλέως,
1017 2495 1072 2559 καί
1098 2493 1182 2557 νεύει
1211 2493 1255 2580 τοῦ
1310 2575 1317 2582 .

161 2587 332 2678 φαονοβύλιρ
361 2595 608 2680 κουβικουλαρύρ
639 2593 685 2680 τῷ
712 2593 832 2674 λέγοντι
863 2587 904 2672 ,,ύ
930 2590 1170 2672 αανεούύναμος
1197 2595 1256 2658 καύ

159 2690 327 2763 πολοέλεος
350 2687 451 2764 Θεός”
472 2689 529 2758 καί
547 2690 587 2756 τοὶ
609 2684 690 2777 ἑξῆς,
712 2685 728 2756 ὃ
749 2693 785 2756 δὲ
806 2689 1062 2776 κοοβικουλύριος
1082 2689 1168 2756 νεύει
1188 2688 1253 2758 α’τιύ

117 2788 217 2856 τότοῦ
236 2775 495 2874 τιαρακυτιτικύῦ,
516 2792 571 2857 καὶ
590 2792 730 2858 παύουσι
748 2786 788 2856 τοὶ
810 2781 928 2875 ὄργανα
934 2840 945 2874 ,
966 2788 1022 2857 καί
1041 2780 1196 2878 ἄρχονται
1211 2788 1405 2886 sinaeus

236 2958 275 3011 ro.
295 2951 465 3012 ἀνίστανται
482 2957 525 3010 ed.

161 3106 243 3160 gnum
260 3091 295 3143 ab
313 3095 473 3163 reaccipit,
492 3093 594 3165 datque
609 3099 816 3165 conmentario,
835 3100 859 3152 is
872 3098 957 3154 dicits
975 3101 1085 3170 iubete,
1105 3119 1255 3177 omnesque

161 3161 197 3213 od
215 3179 290 3212 suom
312 3165 459 3216 stationem
477 3174 505 3218 et
525 3165 651 3220 ordinem
674 3167 828 3225 discedunt.
864 3172 1097 3236 Cerimoniarius‚
1115 3175 1202 3239 facto,
1222 3182 1255 3228 ut

159 3248 219 3284 mos
244 3241 299 3295 est,
327 3233 497 3298 rhosthelio‚
524 3238 555 3290 id
575 3240 735 3308 imperatori
753 3241 855 3304 tradit,
882 3245 952 3312 qui,
979 3242 1079 3298 throno
1104 3262 1252 3298 conscenso

159 3309 257 3372 terque
273 3305 376 3372 populo
395 3305 521 3373 signato,
540 3310 570 3362 in
582 3326 615 3361 eo
630 3309 744 3364 adsidet.
779 3313 952 3382 Praepositus
967 3314 1003 3365 ab
1011 3314 1177 3384 Imperatore
1192 3333 1255 3368 mo·

159 3373 255 3434 nitus,
274 3376 458 3442 prospiciens,
480 3386 522 3429 ter
539 3380 643 3448 populo
659 3382 766 3448 signum
781 3399 863 3437 manu
879 3383 942 3450 dat,
960 3392 1005 3446 et,
1023 3387 1122 3439 silente
1135 3403 1253 3456 organo,

159 3442 230 3496 duae
250 3443 384 3498 factiones
401 3447 528 3500 solennes
551 3450 761 3505 acclamationes
783 3462 812 3506 et
834 3455 1080 3522 laudamentum,
1102 3458 1203 3527 quibus
1218 3456 1254 3508 fi-

158 3515 244 3576 nitis,
268 3531 399 3584 organum
424 3517 546 3572 Venetae
572 3522 712 3590 pulsatur,
743 3541 798 3594 quo
818 3525 892 3578 facto
910 3534 939 3578 et
956 3528 1056 3579 silente
1073 3544 1126 3590 eo,
1152 3529 1254 3581 Veneti

160 3584 328 3653 spolaticum
342 3586 505 3652 ordiuntur,
524 3605 612 3662 eoque
630 3593 729 3655 finito,
747 3610 814 3646 voce
828 3605 937 3650 canunt.
975 3599 1047 3649 Tum
1062 3600 1254 3668 praepositus,

159 3655 236 3723 signo
255 3656 290 3707 ab
323 3659 488 3726 Imperatore
508 3670 636 3732 eccepto,
664 3662 799 3728 discedit,
824 3683 991 3739 magnosque
1015 3667 1195 3732 domesticos,
1221 3677 1254 3722 ot

159 3741 218 3777 mos
236 3733 291 3787 est,
310 3730 441 3792 assumit,
459 3733 509 3801 qui
521 3731 695 3787 descendunt
710 3737 796 3806 inque
810 3737 878 3790 locis
889 3738 945 3790 suis
961 3737 1084 3792 adstant:
1104 3740 1179 3793 idem
1189 3742 1253 3792 Pro·

159 3795 214 3848 sini
231 3796 352 3861 faciunt,
372 3808 430 3850 octo
443 3817 492 3852 sua
509 3805 643 3867 recitent,
662 3811 691 3855 et
704 3815 851 3876 postquam
864 3826 995 3877 organum
1008 3810 1117 3873 sonuit,
1134 3811 1255 3880 spoleti·

158 3881 236 3928 cum,
255 3865 320 3920 dein
334 3873 475 3924 contiones
488 3874 633 3942 incipiunt
671 3875 839 3944 Imperatore
857 3895 874 3930 a
887 3878 986 3932 throno
1005 3876 1154 3950 surgente,
1171 3898 1253 3949 orga-

155 3953 221 3988 num
245 3939 383 4004 pulsatur,
409 3957 497 4012 coque
514 3945 543 3996 in
562 3941 660 3996 throno
677 3955 783 4010 stante,
812 3950 922 4017 patricii
947 3957 974 4002 et
989 3953 1101 4021 strategi
1120 3952 1252 4019 utrinque

155 4007 187 4058 in
203 4007 343 4062 trienncho
368 4013 531 4066 consistunt.
567 4015 648 4070 Porro
665 4020 855 4086 praepositus,
880 4021 956 4088 signo
975 4020 1010 4072 ob
1024 4021 1191 4090 Imperatore
1207 4037 1253 4072 so·

155 4084 253 4144 cepto,
277 4091 483 4148 praecentorem
508 4084 707 4138 cubicularium
729 4097 841 4151 monet,
866 4088 1005 4162 dicitques
1032 4092 1108 4144 Deus
1125 4090 1251 4160 omnipo·

154 4158 217 4203 εισι
239 4161 275 4221 ,ιι
298 4152 403 4208 multae
428 4153 638 4214 misericordiae
668 4165 719 4212 ete.
756 4159 945 4216 cubicularius
975 4163 1060 4216 etiam
1084 4177 1099 4212 e
1127 4161 1250 4218 fenestra
