3042 4825
251 193 334 259 xxlt
621 185 676 249 to.
707 185 788 249 tle.
819 188 971 253 ltttsltn

333 345 363 429 ς.
383 342 416 424 4.
467 343 517 407 Da
546 355 680 405 auctore
701 340 790 422 libri.
841 346 916 409 Fuit
937 344 1095 430 hocopus
1117 344 1285 425 mmmm,
1313 363 1357 433 es

250 446 310 509 ilde
326 443 574 530 membransrum
592 453 781 525 nostorum,
801 443 846 507 illi
866 445 1066 511 Constantino
1080 444 1354 530 Porphyrogennn·

250 558 305 625 to,
340 544 451 606 Leonis
478 542 629 624 Sapientis
650 542 733 623 lilio,
757 543 860 607 Bmilii
886 544 1065 607 Macedonis
1093 548 1221 628 nepoti,
1249 545 1355 607 tribu-

251 656 332 723 tnm,
353 645 440 707 cuins
474 646 554 705 iuter
575 641 682 704 tonos
712 656 899 727 purpuratos
927 665 1039 728 magna
1073 643 1140 707 laus
1172 656 1204 707 et
1232 644 1355 709 celebre

251 766 365 807 nomen
381 755 439 823 cst,
461 726 556 805 etcui
576 743 636 805 alia
653 765 777 827 quoque
789 746 904 827 ingenii
915 745 1124 806 industrincve
1142 757 1355 825 monuments,

253 856 302 924 ut,
322 855 443 927 praeter
463 844 557 905 modo
578 844 736 905 laudntum
756 848 913 927 geminum
934 866 1024 928 opus,
1047 845 1126 907 liber
1148 845 1189 907 de
1208 845 1356 907 themati-

253 944 325 1023 bus,
347 940 425 1005 alius
441 944 480 1005 de
500 947 565 1007 vita
581 943 706 1023 Basilii,
729 946 803 1006 item
826 946 866 1007 de
886 947 1018 1029 imagine
1033 944 1190 1007 Edessena
1207 942 1355 1025 libellus,

255 1047 458 1127 imputanttn.
501 1044 569 1126 Ego
588 1064 686 1123 vero,
715 1064 813 1127 quum
831 1048 864 1107 in
880 1045 939 1106 hoc
958 1056 1085 1123 nostru,
1103 1056 1140 1105 nt
1160 1044 1352 1123 inscribitur,

255 1142 464 1226 syntagmate·
480 1146 651 1209 invenirem
676 1144 760 1206 haud
796 1166 915 1228 pauca,
937 1148 1024 1225 eius,
1050 1166 1143 1227 quern
1166 1145 1241 1222 dixi,
1272 1144 1360 1207 Con-

261 1244 387 1307 stantini
410 1264 531 1307 excessu
550 1247 732 1327 poderiora,
752 1266 817 1307 non
837 1247 969 1329 margini
987 1256 1101 1326 assuta,
1121 1245 1175 1308 sed
1196 1244 1237 1305 ab
1250 1243 1360 1307 eadem

257 1366 374 1425 manu,
398 1366 477 1429 quae
507 1356 609 1408 edera
629 1347 732 1408 omnia
754 1350 903 1424 exaravit,
922 1366 986 1409 uno
1005 1348 1150 1407 continuo
1163 1342 1216 1407 filo
1232 1346 1359 1405 intextas

258 1446 346 1527 coepi
366 1444 406 1505 de
422 1455 546 1507 auctore
568 1444 688 1529 fideque
708 1448 927 1529 inscriptionis,
945 1457 976 1507 et
993 1443 1129 1528 wdgaris
1144 1445 1244 1505 famae
1260 1443 1363 1505 umbi·

261 1563 344 1627 gere.
386 1543 465 1604 Sunt
487 1556 591 1607 autem
615 1544 685 1607 illae
703 1544 966 1607 characteristicon
992 1556 1168 1628 temporum
1191 1555 1284 1605 notae
1302 1542 1363 1605 hae

261 1642 455 1727 praecipuae.
500 1645 536 1706 ln
556 1643 610 1705 illo
635 1646 746 1727 cupite,
771 1644 855 1727 quod
879 1655 1078 1707 monumenta
1093 1642 1275 1727 sepulcralia
1298 1643 1364 1704 lm-

261 1754 440 1827 pcrntorum
463 1744 857 1827 CPtannrumpercenset,
880 1748 935 1827 (est
952 1744 985 1805 id
1001 1742 1072 1805 libri
1086 1741 1364 1827 secundiqundra·

263 1848 413 1929 gesimum
435 1844 612 1926 secundum)
633 1843 767 1907 occurrit
797 1842 881 1905 illius
909 1845 1004 1927 ipsius
1028 1843 1241 1922 Constantini,
1271 1863 1365 1928 quem

264 1939 355 2005 liceat
370 1944 528 2007 doctrinae
554 1948 650 2028 gratis
665 1946 840 2028 Sapientem
866 1944 906 2004 ad
930 1946 1026 2028 panis
1048 1946 1161 2006 Leonis
1194 1940 1367 2024 exemplum

264 2042 428 2127 appellare,
448 2066 526 2107 urna
548 2066 618 2106 curn
635 2044 695 2107 hoc
720 2045 839 2128 elogio:
863 2036 1008 2123 Λὰρναξ,
1025 2041 1062 2105 ἓν
1084 2030 1297 2130 diuisurus
1305 2039 1369 2103 At

266 2164 311 2205 ων
330 2179 348 2193 -
369 2178 386 2193 -
403 2140 464 2207 ndu
493 2144 537 2233 τῷ
560 2140 621 2231 υἱῷ
644 2142 897 2228 Kuroturn'sp,
918 2134 1051 2224 ὕστερον
1065 2135 1303 2223 τελευτήσαντι,
1322 2141 1369 2227 τῷ

266 2241 584 2329 Πορφυρυγεννὴτῳ,
617 2243 734 2319 Urna,
765 2246 800 2303 in
835 2262 901 2326 qua
932 2244 1019 2304 iacet
1040 2241 1105 2314 Leo
1127 2276 1143 2289 -
1165 2276 1182 2291 ·
1205 2241 1367 2327 cumfilio

267 2342 476 2406 Constantino
498 2345 823 2431 Porphyrogenncto,
846 2343 902 2426 qui
923 2342 1073 2426 deinceps
1092 2355 1236 2403 mortuns
1257 2342 1369 2424 (idest

266 2443 358 2528 longo
373 2455 511 2527 tempore
524 2455 594 2528 post
605 2448 738 2528 positum
754 2445 835 2527 patri
844 2430 1077 2504 monumentum
1086 2445 1150 2504 vita
1161 2442 1322 2504 defunctus
1336 2451 1368 2504 et

266 2550 299 2605 in
320 2557 482 2629 paternum
505 2544 661 2606 tumulum
680 2542 792 2622 illatus)
804 2540 886 2625 suit.
938 2539 1069 2622 Aliquot
1088 2545 1254 2604 inten'ectis
1271 2543 1369 2603 versi-

266 2645 325 2708 bus
350 2657 538 2708 memoratur
559 2644 683 2722 Basilii,
704 2641 798 2727 vulgo
828 2641 1043 2725 Brdgsroctoni
1073 2642 1370 2719 dioti,.·monumen·

267 2755 349 2824 tum,
371 2749 424 2830 qui
446 2745 526 2808 lilius
539 2745 670 2809 Romani
686 2746 827 2823 iunioris,
856 2763 952 2825 nepos
971 2758 1064 2825 supra
1089 2741 1162 2803 dicti
1178 2741 1370 2804 Constantini

268 2843 432 2927 Sapientis,
459 2865 539 2907 nuno
560 2857 629 2928 post
645 2848 695 2906 avi
714 2843 835 2905 obitum
850 2843 1034 2924 sexagesimo
1052 2843 1160 2926 quinto
1176 2844 1256 2902 vivis
1268 2861 1371 2902 esces-

269 2947 322 3006 sit.
365 2945 505 3007 Tandem
520 2966 643 3029 quoque
669 2947 769 3029 cupite
798 2953 930 3004 sextoet
948 2945 1146 3026 nonagesimo
1167 2939 1261 3023 primi
1283 2937 1370 3018 libri,

269 3063 324 3107 seu
340 3047 447 3126 quinto
470 3053 500 3111 et
519 3047 696 3122 centesimo,
722 3043 889 3104 secundum
908 3043 1158 3104 membranarum
1177 3049 1372 3124 computum,

269 3154 426 3224 narratur,
449 3144 523 3226 quid
545 3144 587 3206 A.
609 3143 644 3205 C.
664 3143 726 3226 963
746 3163 765 3202 a
781 3163 886 3204 mense
901 3142 1015 3204 Martio
1029 3163 1127 3224 nsque
1141 3139 1181 3200 nd
1195 3138 1372 3222 Augustum

269 3243 303 3306 iu
319 3242 381 3306 'illo
400 3246 574 3327 interregno
604 3244 777 3326 contigerit,
799 3242 883 3325 quod
901 3241 1034 3303 Romani
1054 3243 1183 3303 iunioris
1203 3259 1370 3317 excessum,

273 3353 304 3404 et
331 3343 498 3427 Nicephori
515 3344 640 3406 Phocoe
666 3341 862 3427 tyrannidem
878 3341 1059 3421 intercedit,
1083 3353 1115 3402 et
1145 3361 1207 3424 qua
1229 3339 1280 3401 hic
1303 3359 1373 3400 eam

269 3445 391 3508 rationo
404 3447 560 3508 invaserit.
603 3445 684 3506 llaec
707 3464 788 3506 nuno
810 3453 880 3528 post
899 3443 1051 3527 Sapientis
1068 3441 1261 3503 Constantini
1269 3459 1373 3500 exces-

122 3559 342 3620 stivntsnm
365 3555 474 3627 quarto
491 3548 695 3628 contigerunt.
738 3543 848 3606 Palam
861 3545 955 3627 igitin
975 3555 1034 3624 est,
1055 3541 1131 3604 haec
1149 3541 1190 3602 ab
1211 3539 1266 3602 illo
1278 3537 1373 3601 scribi

270 3655 300 3708 et
319 3648 352 3706 in
371 3643 537 3728 syntagma
558 3665 648 3707 suum
666 3645 774 3707 inferri
792 3666 855 3706 nou
880 3647 1027 3728 puniisse.
1078 3641 1162 3721 Quid
1181 3659 1255 3722 ergo
1275 3649 1372 3700 stans·

271 3744 408 3814 endum?
449 3745 558 3807 Unum
582 3757 720 3828 superest
742 3757 796 3806 aut
811 3744 943 3806 alteunn
964 3755 1107 3806 statuere:
1131 3743 1196 3802 sive
1221 3741 1373 3800 iuniorem

270 3849 507 3910 Constantinum
516 3845 858 3931 Porphyrogennetum,
867 3844 998 3906 Romani
1007 3843 1118 3923 filium,
1133 3838 1370 3926 SapientisCon·

270 3947 393 4008 stautiui
425 3958 586 4030 nepotem,
610 3949 711 4029 operis
733 3948 831 4006 nostri
854 3957 1010 4008 auctorem
1037 3964 1114 4024 esse,
1134 3944 1185 4003 cui
1214 3939 1372 4003 ademtum

269 4043 411 4128 liburitn
428 4067 484 4134 per
502 4066 637 4111 errorem
657 4061 714 4110 avo
731 4046 885 4110 tribuerits
907 4056 961 4108 aut
975 4065 1040 4108 esse
1059 4042 1186 4128 ‹plidem
1207 4041 1273 4103 eius
1286 4038 1373 4101 Cou-
