3042 4825
276 232 403 299 xxvi
557 195 559 203 ’
654 230 711 293 ro.
745 228 828 293 rac,
854 230 1003 295 nmsxu

276 386 381 447 lumen
401 383 483 447 moie
502 384 584 447 trima
604 387 692 469 prius
712 386 879 453 excederet.
922 385 971 449 ct.
993 387 1137 450 Laronius
1156 386 1191 449 id
1209 385 1280 460 ideo
1293 400 1384 469 μοι)
1513 434 1515 438 ,

180 512 185 519 ·
277 508 330 551 sim
349 488 504 564 omiserat,
524 487 598 569 quia
618 487 737 549 abhoc
757 508 851 571 opere
865 486 1043 552 decreverat
1063 508 1189 566 meere,
1208 496 1240 549 et
1259 488 1294 549 in
1312 486 1381 547 coi-

274 590 405 651 lectione
427 587 623 649 Tactioorum
644 588 845 669 Graecorum,
865 610 960 672 quam
977 588 1197 667 meditabatur,
1224 586 1381 648 exhibe-e.

275 688 384 751 Habeo
404 689 438 749 in
456 687 600 751 manibus
614 687 769 772 exemplar
780 686 1000 772 opusculorum
1016 688 1222 767 Constantini,
1243 709 1264 749 a
1277 689 1383 748 Meur-

274 788 321 849 sio
343 786 444 870 Lugd.
466 787 573 851 Batav.
593 810 624 851 a.
652 786 726 849 1611
752 788 932 871 editorum,
977 792 1011 850 in
1040 789 1153 873 quibus
1174 788 1300 849 Tactica
1318 787 1380 847 Vir

275 887 324 950 cl.
345 889 459 970 passim
480 890 697 953 emendaverat
718 910 776 951 sua
796 911 890 951 manu
911 884 1003 973 atque
1023 888 1232 973 suppleverat,
1259 877 1382 949 coodi-

274 1008 322 1066 ce,
349 998 386 1049 ut
405 990 549 1069 coniicio,
570 990 764 1073 Augustano.
804 990 914 1052 Inveni
942 993 976 1052 in
1005 993 1071 1051 eins
1091 988 1286 1051 Adversariis
1318 987 1384 1049 elia

273 1086 485 1170 supplementa
514 1089 681 1151 eorundem
713 1091 924 1169 Taotioorum,
951 1102 988 1152 ut
1016 1102 1047 1153 et
1075 1091 1208 1167 Leonis,
1236 1088 1383 1151 coodioo

273 1188 476 1269 Augustano,
505 1210 584 1271 quaa
606 1211 626 1251 a
657 1188 856 1253 celeberrimo
892 1191 1058 1254 Bnucxexo
1087 1200 1255 1273 acceperat.
1309 1188 1381 1269 Ego

274 1306 362 1365 vcro,
383 1308 481 1370 quum
501 1309 521 1350 a
539 1288 594 1351 tali
616 1290 744 1353 consilio
765 1289 883 1362 alienus
903 1294 975 1370 sim,
995 1302 1028 1353 et
1046 1312 1103 1375 per
1116 1311 1256 1353 mearum
1273 1306 1381 1351 rerum

273 1386 481 1449 conditionem
505 1410 656 1473 nequeam
688 1412 753 1453 non
775 1412 852 1470 esse,
875 1391 968 1455 debui
995 1394 1123 1453 omnino
1143 1390 1247 1453 iocum
1266 1391 1300 1450 in
1319 1388 1380 1449 hac

274 1487 411 1551 editione
430 1488 578 1575 opusnxio
601 1490 687 1571 dare,
709 1494 912 1575 interpretatu
931 1492 1057 1576 quidem
1077 1489 1206 1568 difficili,
1228 1490 1311 1551 iectu
1329 1498 1381 1548 ta·

275 1610 347 1651 merx
376 1590 525 1670 iucundo,
557 1590 711 1676 plenoque
736 1614 842 1655 rerum
863 1592 942 1653 scitu
963 1591 1220 1675 dignissimarum.
1263 1591 1381 1651 Parum

272 1689 434 1771 referebat,
449 1691 566 1753 ubiubi
579 1692 798 1773 collocaretur3
819 1691 913 1755 modo
924 1691 1027 1754 locum
1035 1691 1166 1753 haberet
1176 1688 1381 1757 nonnullum.

357 1792 533 1853 Secundum
560 1792 707 1855 volumen
739 1792 826 1853 dabit
853 1792 1022 1871 secundum
1050 1793 1161 1855 Graeci
1189 1789 1282 1853 huius
1301 1792 1383 1850 ceri-

273 1889 414 1952 monialis
445 1891 573 1973 librum,
604 1914 677 1956 cum
704 1892 850 1953 adiuncta
879 1893 992 1953 Latina
1020 1913 1090 1954 mea
1115 1893 1380 1973 interpretatione.

272 1992 417 2053 Proxime
436 2014 588 2077 apponam
601 2005 697 2055 'notas
716 1994 861 2070 criticas,
893 2012 973 2076 quae
993 1992 1129 2054 codicem
1156 1993 1311 2053 Graccum
1330 2000 1384 2072 ty·

273 2094 322 2175 pis
346 2114 524 2176 expressum
547 2115 582 2156 ex
602 2098 739 2178 ipsarum
762 2091 1014 2153 membranarum
1036 2091 1139 2152 denuo
1157 2112 1177 2150 a
1196 2110 1246 2150 me
1260 2088 1386 2171 diligen

274 2203 322 2253 ter
341 2196 546 2277 inspectorum
585 2196 646 2256 fide
673 2206 703 2255 et
731 2194 914 2255 coniecturis
934 2193 1010 2252 meis
1030 2189 1248 2253 emendabunt.
1289 2188 1384 2251 Exci-

276 2296 362 2375 pient
390 2314 440 2356 eas
463 2296 742 2357 animadversiones
761 2294 925 2355 historicae
948 2294 982 2352 in
1001 2300 1101 2351 totum
1122 2312 1199 2374 opus
1219 2310 1291 2351 cum
1310 2291 1384 2350 Lei-

276 2394 394 2454 chianis
416 2416 515 2476 meae,
536 2396 628 2456 finem
658 2394 749 2455 faciet
772 2392 863 2454 index
884 2392 1077 2454 Graecitatis.
1119 2391 1230 2452 Latina
1256 2390 1383 2474 quidem

276 2497 490 2577 interpretatio
511 2497 544 2555 in
565 2495 681 2556 mundo
702 2505 769 2574 est,
797 2505 834 2555 ut
854 2492 943 2555 facila
968 2494 1064 2574 possit
1082 2512 1146 2552 una
1165 2513 1237 2553 eum
1258 2493 1385 2552 Graccis

94 2603 101 2628 '
152 2640 157 2648 ·
276 2597 357 2657 intra
376 2595 472 2658 breve
491 2607 614 2678 tempus
634 2593 739 2678 praelo
759 2592 892 2656 absolvi.
930 2583 1064 2674 ¹Reliqua
1085 2595 1227 2675 quamvis
1240 2591 1383 2674 expeditu

277 2697 374 2759 ardua
393 2709 424 2758 ct
443 2717 625 2758 aerumnosa
653 2717 747 2778 pensa
768 2696 853 2772 sint,
875 2715 967 2778 spero
984 2704 1088 2753 tamen
1107 2692 1193 2771 fore,
1218 2694 1243 2754 si
1274 2691 1382 2775 propi·

276 2800 359 2886 tium⁸
374 2815 489 2860 numen
510 2797 624 2880 coeptis
644 2798 721 2856 meis
741 2796 890 2877 adspiret,
910 2805 947 2854 ut
969 2803 1098 2854 exetmte
1110 2792 1236 2855 biennio
1248 2791 1381 2854 aiterum

277 2919 400 2982 quoque
422 2896 585 2976 volumen,
605 2897 762 2981 aliquanto
796 2897 932 2980 spissius,
952 2915 1047 2977 quam
1067 2893 1127 2954 imo
1147 2904 1205 2974 est,
1228 2893 1380 2975 futurum,

277 3002 310 3062 in
332 2999 493 3062 doctorum
514 2996 675 3058 hominum
696 3017 806 3059 manus
828 2997 944 3056 veniat.

360 3097 389 3182 S.
411 3097 444 3159 6.
496 3095 681 3159 Admonitr'o
712 3094 754 3157 de
783 3094 903 3158 tabuiis
926 3093 1041 3154 aeneis
1056 3094 1184 3179 primae
1202 3094 1296 3177 parti
1316 3094 1381 3153 iru-

280 3198 331 3258 x‘ur
351 3198 459 3278 operis
479 3198 619 3258 insertis.
662 3195 700 3256 In
730 3198 832 3278 primo
864 3192 938 3255 folio
972 3193 1082 3254 Graeci
1102 3193 1204 3274 operis
1218 3187 1381 3254 cuiatemt

277 3296 320 3358 ci.
340 3298 486 3358 Laronius
506 3307 577 3358 tum
595 3298 766 3379 temporis,
788 3315 886 3378 quum
905 3292 938 3354 id
961 3296 1043 3378 typis
1066 3292 1288 3372 excuderetur,
1320 3295 1381 3354 tria

276 3415 376 3458 vacua
403 3399 500 3480 spatia
528 3419 586 3480 pm
616 3396 746 3458 totidem
770 3394 884 3456 tabuiis
904 3395 1008 3455 aeneis
1027 3392 1180 3476 relinqui,
1203 3413 1260 3476 per
1279 3395 1380 3454 otium

278 3494 455 3579 aliquando,
476 3508 507 3559 ct
525 3497 648 3581 quando
669 3496 788 3559 iuberet
808 3517 826 3556 a
846 3493 1072 3579 chalcographo
1091 3491 1273 3576 supplenda.
1298 3492 1383 3554 Ante

277 3616 365 3678 vero,
387 3619 480 3681 quam
507 3602 587 3660 serio
617 3599 675 3660 hac
695 3597 734 3659 dn
752 3619 789 3658 re
808 3600 975 3681 cogitaret,
999 3595 1098 3656 unm
1126 3615 1199 3656 eum
1217 3594 1379 3658 avocabat.

276 3699 385 3776 Quum
412 3701 516 3783 itaque
542 3702 696 3783 integrum
723 3699 801 3760 mihi
829 3707 909 3760 esset
927 3716 985 3780 pm
1003 3694 1103 3756 lubitu
1124 3694 1290 3756 etiudicio
1310 3713 1381 3756 meo

276 3799 424 3881 imagines
448 3801 534 3882 operi
556 3800 681 3880 addere,
704 3802 736 3860 in
758 3802 825 3882 ipso
847 3799 1038 3880 frontispicio
1059 3795 1207 3858 collocavi
1229 3797 1382 3879 egregiam

277 3899 444 3982 Nicephori
478 3901 656 3962 Boioniatne
684 3903 860 3982 imaginem,
890 3920 926 3961 ex
945 3898 1166 3960 Montfauconii
1192 3895 1382 3958 Bibliotheca

277 3993 466 4062 Goisiiniana
486 4001 691 4086 depromtam,
713 4013 876 4086 propterea
898 4002 1052 4080 maxime,
1071 3997 1156 4081 quod
1175 4016 1242 4060 rem
1262 3997 1376 4057 vestia-

277 4103 357 4171 fitm
377 4103 616 4187 Byzantinorum
645 4103 713 4164 acvi
743 4101 850 4183 medii,
885 4101 1022 4186 profecto
1050 4098 1268 4184 perobscurum
1301 4105 1331 4156 et
1359 4116 1380 4155 a
1420 4155 1424 4162 .
