3042 4825
287 159 373 274 708
494 181 767 284 conaremur
799 175 1168 252 rourumooeuru

756 388 797 442 Τό
821 405 851 449 ος
868 389 902 441 α’.

422 497 502 570 Περὶ
520 493 692 568 α’ξιωμάτιον
709 409 872 564 βασιλάικῶν
889 493 930 552 εἰς
947 480 1016 551 τοάς
1032 493 1243 564 προβυδμίους,

374 633 447 698 Τῶν
467 633 504 696 δέ
524 631 644 716 κυρίως
675 624 864 710 άξιωμάτων
889 631 953 693 τῶν
980 625 1035 692 διά
1062 628 1222 711 βραβεέων
1246 643 1418 707 παρεχο-

286 730 391 814 μένων
412 727 448 795 αἱ
468 730 705 816 κυριοκλησέοα,
738 731 784 805 εἰς
812 724 851 805 άς
871 729 927 792 καὶ
946 722 1129 814 ὄφειλουστν
1151 727 1267 790 δοῦναι
1286 747 1416 804 συνη-

285 833 389 910 θείας,
413 831 495 895 εἰσιν
516 819 624 894 αὗται.
655 827 764 913 πρώτη
783 830 845 908 μὲν
863 831 926 892 τῶν
945 821 1051 890 ἄλλων
1072 823 1218 889 ἁπάντων
1238 817 1285 896 ὥς
1307 817 1438 906 προ-5

285 930 426 1012 βάθμιος
446 925 505 1013 την
532 925 710 1012 εἰσαγωγήν
739 931 803 991 τῶν
836 923 1026 1009 ἀξιωμάτων
1054 919 1307 1006 λαμβάνουοαῆ
1338 924 1413 985 τοῦ

285 1027 505 1114 στρατηλάτου
533 1030 589 1092 ἑτιί
610 1028 762 1109 θεμάτων
787 1021 902 1108 dirior,
933 1017 1000 1110 ἦτοι
1020 1023 1040 1109 ἦ
1062 1019 1125 1088 άπὸ
1146 1018 1296 1106 ἐπάρχων
1319 1015 1410 1084 ὄνο-

259 1129 465 1213 (ζμαζομένη,
487 1120 526 1211 ἧς
545 1132 708 1211 βραβεῖον,
727 1127 980 1212 ἐγγεγραμμένος
989 1124 1121 1209 χάρτης,
1142 1120 1197 1186 διά
1217 1123 1409 1204 βασιλικῆς

284 1224 397 1312 χειρὸς
419 1229 609 1292 διαδίδοται.
631 1227 744 1292 δι’δωσι
753 1225 927 1310 συνήθειαν
943 1227 985 1312 aqi
1005 1217 1282 1308 πρωτοαοηκρητις
1293 1269 1317 1302 ,,
1331 1217 1403 1299 κδ’,

285 1336 352 1402 τοῖς
372 1330 591 1411 πραιποσίτοις
611 1353 620 1390 τ
641 1325 696 1400 λς’.
739 1328 875 1410 δευτέρα
897 1327 933 1388 δὲ
955 1325 975 1408 ἡ
996 1327 1060 1388 τῶν
1084 1319 1320 1404 σιλεντιοιράον,
1358 1311 1452 1400 ἧςτο

285 1430 447 1511 βραβεῖον,
467 1428 575 1511 χρυσᾶ
584 1424 713 1512 ῥάβδος,
736 1423 791 1489 διά
813 1427 979 1510 βασιλικῆς
997 1421 1107 1508 χειρὸς
1127 1422 1317 1488 ἐπιδιδοται.
1346 1421 1405 1482 δι’-

288 1527 369 1590 δωσι
396 1524 570 1610 συνήθειαν
608 1531 653 1613 τῷ
681 1528 819 1613 δευτέρῳ
840 1576 861 1605 ,,
884 1521 921 1605 ς’,
949 1532 1014 1598 τοῖς
1043 1523 1263 1608 πραιποσῖτοις
1284 1569 1307 1600 ,,
1332 1514 1402 1601 οβ.

286 1628 379 1710 τρίτη
400 1621 420 1710 ἢ
442 1626 506 1690 τῶν
525 1621 728 1710 βεστητόρων
748 1626 840 1706 ugia,
862 1615 900 1709 ἧς
919 1627 1081 1708 βραβεῖον,
1103 1619 1140 1686 τὸ
1160 1612 1398 1706 φιβλατοάριον,

287 1721 342 1787 διά
362 1728 529 1809 βασιλικῆς
548 1722 657 1808 χειρὸς
676 1723 863 1788 ἑπιδῖδοται.
905 1725 987 1788 δι’δει
1008 1722 1183 1806 συνήθειαν
1203 1726 1268 1793 τοῖς
1289 1742 1398 1800 πρατ-

286 1825 427 1900 ττοσέτοις
447 1873 469 1906 ,,
489 1821 549 1906 κδ’,
571 1827 616 1913 τῷ
636 1827 775 1912 δευτέρῳ
797 1874 817 1905 ,,
838 1821 874 1897 ς’.
915 1819 1050 1907 τετάρτη
1079 1819 1099 1905 ἦ
1122 1821 1185 1883 τῶν
1212 1813 1441 1900 βασιλικῶνιό

287 1920 498 2008 μανδατάρων
518 1925 613 2006 ἀξία,
645 1916 684 2008 ἧς
704 1927 867 2008 βραβεῖον,
888 1920 1007 2006 ῥάβδος
1028 1919 1329 2006 ἐρυθροδανωμένη,
1355 1917 1396 1978 ἐκ

285 2019 399 2107 χειρὸς
425 2024 592 2106 βασιλικῆς
617 2025 807 2088 ε’τιιδίδοται.
848 2023 962 2085 δίδωσι
991 2016 1166 2102 συνήθειαν
1193 2016 1237 2105 τῷ
1265 2038 1397 2100 πρωτο-

252 2125 460 2209 Βστιαθαράρ
480 2123 544 2186 τῶν
563 2125 738 2203 βασιλικῶν
760 2169 782 2202 ,,
805 2117 840 2200 ς’,
863 2129 929 2197 τοῖς
958 2119 1176 2202 πραιποσίτοις
1196 2137 1205 2184 :
1227 2113 1265 2187 ς’.
1306 2113 1395 2195 τιέμ-

287 2243 350 2304 τττη
370 2217 390 2304 ἢ
411 2223 476 2284 τῶν
493 2217 695 2286 κανδιδάτων
714 2220 806 2300 ἀξία,
826 2213 865 2304 ἧς
885 2223 1046 2304 βραβεῖον,
1067 2210 1235 2296 μανιάκιον
1244 2215 1392 2298 χρυσοῦν

287 2317 459 2404 τρέκομβον
478 2318 577 2404 μέχρι
596 2321 716 2404 τέρνων
743 2319 992 2401 κεχαλασμένον,
1014 2311 1069 2380 διά
1090 2311 1201 2399 χειρὸς
1223 2317 1429 2399 βασιλικῆςτο

134 2435 186 2489 his.
198 2417 476 2495 athadmdt'dowt.
499 2420 613 2483 δίδωσι
639 2417 816 2503 συνήθειαν
835 2420 878 2507 τῷ
899 2418 1001 2505 πατέρι
1021 2416 1079 2479 καί
1105 2418 1150 2502 τῷ
1171 2416 1304 2503 δευτέρῳ
1314 2466 1335 2496 „
1346 2417 1377 2497 β
1377 2468 1389 2497 ,

287 2521 331 2609 τῷ
353 2520 457 2608 πατέρ
478 2520 536 2603 τῆς
556 2516 692 2605 Δάφνης
710 2568 732 2600 ,,
752 2516 792 2600 β,
816 2528 883 2593 τοῖς
910 2517 1129 2603 πραιποσίτοις
1148 2564 1172 2599 ,,
1193 2514 1230 2591 ς’.
1271 2520 1343 2602 ἕκτη
1364 2516 1385 2603 ηε

717 2644 805 2679 cnut
821 2644 938 2679 ΡΙΙΙΠΙ.

537 2734 572 2769 Μ
588 2730 776 2769 momentus
793 2729 925 2767 Pdm'iflis
939 2731 1013 2769 ΡΙΙΙΙ
1028 2732 1141 2768 nuntius.

357 2804 532 2873 Dignitatum
550 2805 590 2856 sic
608 2804 702 2855 stricte
723 2810 806 2873 atque
826 2802 937 2871 proprie
956 2802 1090 2855 dictarum
1115 2810 1144 2854 et
1158 2818 1229 2873 quae
1244 2818 1304 2853 cum
1318 2800 1383 2855 bra-

290 2872 352 2927 beis
372 2877 538 2944 obtingunt,
556 2874 759 2945 appellationes
777 2875 919 2943 propriae,
938 2890 1053 2943 quarum
1072 2891 1151 2925 causa
1172 2872 1381 2925 consuetudines

256 2974 263 2977 -
292 2962 404 3015 quoque
423 2944 579 3009 debentur,
597 2952 662 2997 sunt
680 2945 741 2997 hae.
778 2944 866 2996 Prima
884 2944 1053 3015 reliquarum
1072 2945 1196 2995 omnium
1217 2945 1290 2995 etin
1308 2946 1380 2996 veio-

291 3031 351 3065 rum
374 3016 579 3067 introductione
606 3015 726 3085 reliquae
755 3032 850 3066 omnes
876 3015 1086 3083 praeambulans
1108 3022 1150 3065 est
1167 3014 1320 3065 stratclatae
1338 3016 1379 3067 rei

290 3084 368 3137 dunis
384 3086 512 3137 militaris
530 3087 560 3137 in
577 3086 671 3156 aliquo
697 3085 819 3137 themate
837 3084 885 3135 =vei
903 3087 1041 3153 provincia
1059 3086 1205 3154 spectabili
1226 3086 1377 3151 constituti,

289 3156 349 3217 vei,
368 3164 401 3206 ut
417 3157 551 3225 appellari
567 3158 655 3218 solet,
675 3156 794 3223 dignitas
812 3172 864 3224 apo
883 3153 1022 3223 eparchon
1037 3173 1084 3209 seu
1099 3164 1288 3226 quaestorum
1306 3157 1377 3207 cuius

289 3224 478 3279 brabeumest
495 3228 655 3281 mernbrsna
674 3226 826 3295 perscripta
844 3227 889 3278 vel
907 3226 1030 3295 diploma
1048 3228 1161 3292 regium,
1178 3225 1236 3294 ipsa
1253 3226 1377 3295 principis

289 3314 375 3349 mann
391 3305 524 3365 porrecta.
560 3297 659 3349 Pendit
679 3313 712 3348 ea
730 3298 852 3367 dignitas
871 3295 1099 3349 consuetudinem
1120 3298 1327 3367 protoasecretis
1346 3297 1375 3365 si

291 3382 389 3418 aureos
411 3384 503 3430 nom,
529 3367 759 3437 praepositis-36·
797 3366 924 3420 Secunda
946 3365 1064 3438 dignitas
1089 3376 1131 3421 est
1153 3368 1374 3431 silentiarium,

289 3438 368 3488 cuius
388 3435 520 3489 brabeum
538 3455 637 3489 aureus
656 3437 771 3489 baculus
789 3439 923 3507 principis
937 3454 1019 3488 mauu
1036 3437 1163 3495 traditus.
1198 3440 1253 3491 Dat
1268 3455 1375 3493 cousue-

289 3506 417 3559 tudinem
434 3508 549 3561 deutero
569 3506 623 3580 {vel
645 3507 851 3570 secundicerio,
875 3508 1026 3577 praepositi
1041 3514 1125 3577 puta,
1160 3511 1196 3569 6,
1220 3509 1373 3577 praepositis

290 3594 335 3646 γυ.
371 3577 467 3630 Tertia
487 3586 530 3630 est
552 3581 730 3640 vestitorum,
755 3581 833 3630 cuius
857 3578 990 3630 brabeum
1013 3587 1055 3630 est
1070 3576 1156 3631 tibus
1174 3580 1286 3631 Domini
1302 3596 1373 3631 mana

290 3647 363 3700 data.
400 3650 456 3700 Dat
475 3649 703 3702 consuetudinem
722 3649 885 3717 praepositis
899 3651 949 3718 alp,
968 3650 1083 3702 deutero
1095 3652 1121 3703 6.
1158 3649 1263 3733 Quarta
1277 3650 1374 3702 estin·

289 3718 437 3788 perialiurn
464 3720 655 3773 mandatorum
683 3735 744 3771 cnm
762 3720 866 3771 brahoo
887 3719 984 3771 bacuio
1000 3718 1099 3772 coloris
1113 3720 1281 3772 cocorneiah
1297 3722 1373 3789 ipsius

288 3790 423 3860 principis
442 3807 524 3843 manu
546 3790 688 3855 exhibito;
707 3788 753 3841 dst
772 3790 1000 3842 cousuetudinem
1019 3790 1240 3859 protospathario
1253 3790 1372 3843 basilico-

290 3877 352 3911 rum
370 3863 406 3923 6,
432 3862 596 3933 praepositis
624 3859 749 3913 totidem.
787 3861 892 3929 Quinta
910 3869 953 3912 est
970 3858 1177 3914 candidatorum
1200 3880 1260 3913 cnm
1280 3862 1372 3914 hrabeo

290 3938 390 4002 torque
414 3950 498 3985 aureo
522 3933 613 3983 trihus
640 3928 745 3983 combis
767 3948 816 3983 seu
835 3930 928 3983 bulbis
947 3934 1080 3985 instructo
1101 3948 1188 4003 usque
1207 3932 1277 3984 infra
1298 3932 1372 3983 cirri.

289 4002 366 4054 cuias
394 4001 586 4072 dependente,
615 4019 630 4052 a
658 4001 793 4070 principis
820 4018 902 4054 manu
928 4002 1039 4055 tradito.
1077 4004 1131 4055 Dat
1156 4004 1371 4057 consuetudinem

289 4074 388 4146 papias
409 4071 527 4146 [patmii]
547 4082 577 4127 et
594 4072 711 4129 deutero
729 4070 811 4147 [eius]
825 4090 858 4139 a,
876 4074 975 4145 papiae
994 4072 1125 4145 Daphnes
1135 4092 1159 4138 a,
1179 4074 1371 4149 praepositist.
