3042 4825
257 107 343 240 {fit
462 147 733 218 consororini
762 145 1126 219 rounrnounrnr

256 295 322 366 όνυι
343 304 461 388 σοφίας
481 301 667 390 δφόπλωται
687 305 831 389 loturos,
865 312 998 372 τελεῖται
1016 308 1354 393 προέλευσιςιταγυνῆ

250 404 291 468 ’έν
310 405 355 490 τῷ
386 407 524 490 λαμπρῷ
541 407 702 494 παλατιλρ,
731 404 788 471 καί
811 408 1087 492 προευτρεπίξεται
1111 411 1186 493 παρ’
1212 403 1354 490 ἧμῶνῆ

254 503 313 566 τοῦ
331 504 498 582 βασιλικοῦ
518 505 647 568 δείπνου
671 507 780 590 κλῆσις
807 507 949 590 πρωίας,
983 503 1040 570 καί
1058 508 1112 570 δεῖ
1132 506 1219 590 ἡμᾶς
1239 500 1357 589 εύτρε-

244 599 358 680 ’πίζειν
379 603 430 676 είςΙ
445 605 645 669 συνεοτίασιν
664 607 728 669 τῶν
748 607 910 670 δεσποτῶν
936 607 1150 691 μαγίστρους,
1177 607 1359 691 πραιποσί-

256 721 332 774 τους
340 695 358 781 Δ,
376 696 599 782 ύνδυπότους,
619 706 824 788 πατρικίους,
851 703 1095 791 όφφικιαλίους,
1116 707 1378 791 optumum-5

256 799 347 881 ρίους
368 789 555 882 εύνούχους,
573 805 817 888 πριμικηρίους,
839 798 1038 887 όστιαρίους,
1058 805 1276 887 μαγλαβίτας,
1297 799 1360 865 κό-

257 921 358 980 μητας
377 897 436 962 τού
456 897 601 984 α’ριθμού
620 902 676 965 καί
707 897 903 987 κεντόρχους
921 898 1003 966 rarsi
1025 898 1060 965 τό
1079 900 1178 967 ποσόν
1196 905 1253 986 τῆς
1273 925 1360 984 τρα-

259 997 375 1080 πέζης,
405 994 462 1062 καί
479 994 611 1074 τούτους
639 1005 892 1084 προσκαλειλτθαι
912 999 968 1065 tna*
984 996 1040 1064 τόν
1058 1003 1114 1085 τῆς
1132 995 1268 1085 ἑσπέρας
1289 1001 1363 1062 δεῖ·

111 1094 345 1160 Ιοοὸλδττνον.
377 1089 596 1182 ἀπολουμένης
619 1089 677 1163 σύν
699 1101 757 1184 τῆς
776 1095 952 1184 συγκλήτου
972 1097 1075 1185 πόσης
1097 1097 1153 1164 καὶ
1167 1095 1262 1163 πόλιν
1275 1095 1362 1182 πρὸς

235 1187 401 1279 Βύρανδ
428 1190 636 1280 ἐπανιούσης,
667 1199 875 1282 συνέρχονται
895 1199 1015 1273 πάντες
1045 1197 1076 1263 οἱ
1102 1198 1283 1281 κεκλημένοι
1308 1196 1407 1270 εἰςιο

260 1287 296 1357 τό
326 1295 452 1358 τελέσαι
478 1291 535 1379 την
563 1292 655 1380 ίεράν
682 1297 842 1381 εύωχίαν,
868 1295 925 1360 κατ’
941 1296 1023 1380 μετὰ
1047 1295 1106 1382 τῆν
1125 1293 1278 1361 ἀπόλυσιν
1299 1297 1362 1379 τῆς

259 1396 469 1479 πνευματικῆς
498 1396 693 1480 λειτουργίας
724 1398 913 1482 προτίθεται
944 1394 982 1461 τό
1000 1392 1165 1476 βασιλικόν
1183 1389 1363 1478 κλητόρων

238 1493 314 1556 ἐ’νιί
331 1495 389 1556 τοῦ
409 1495 619 1578 περιβλέτιτου
639 1496 800 1580 τρικλίνου
821 1498 881 1561 τοῦ
904 1495 1152 1574 ’1ουστινιανοό,Ι
1193 1495 1249 1556 καί
1275 1515 1362 1577 προ-

258 1592 470 1669 καδεσθέντος
489 1596 549 1657 τοῦ
566 1595 723 1675 βασιλέως
742 1595 799 1658 ἐπί
816 1595 873 1679 τῆς
889 1593 998 1673 τιμίοις
1016 1594 1193 1678 τραπέζης,
1214 1586 1360 1673 εἰσόγοτ·

258 1713 313 1756 ται
335 1691 445 1766 πάντες
465 1689 496 1756 οἱ
515 1695 699 1776 κεκλημένοι
715 1692 801 1773 μετιὶ
815 1696 879 1756 τῶν
899 1693 1023 1756 οἰκείων
1041 1690 1405 1776 σναραμαγγίανκαδιὸ

258 1788 369 1871 μόνον,
397 1787 453 1854 ε’τιί
472 1792 508 1855 δὲ
536 1795 577 1879 τῇ
600 1790 706 1856 αὐτῶν
726 1785 821 1878 ἐξόδῳ
849 1791 997 1871 λαβόντες
1020 1793 1095 1874 παρ’
1121 1789 1212 1873 ἡμῶν
1232 1790 1360 1875 φατλία

259 1887 321 1953 σύν
340 1887 418 1973 ἡμῖν
453 1891 635 1975 ἐξέρχονται
654 1889 777 1964 πάντες.
818 1892 864 1978 τῷ
884 1891 920 1953 δὲ
940 1888 1021 1977 ύγίηι
1043 1887 1100 1953 καί
1119 1892 1214 1975 τιμίῳ
1234 1883 1361 1970 σαββά-

258 2009 304 2074 cp
326 1987 539 2076 ἀνειρχθέντες
557 1989 618 2053 τοῦ
638 1989 789 2072 λαμπροῦ
809 1989 988 2067 παλατίου,
1017 1993 1151 2051 τελεῖται
1170 1988 1360 2071 προέλευσις

229 2085 397 2168 ῦδημοοία
423 2083 504 2169 πρός
529 2084 586 2171 τὴν
621 2083 717 2168 ἆγίαν
746 2089 886 2172 Σοφίοιν,
913 2089 971 2149 κατ’
998 2084 1273 2168 ύπαλλαττυμένης
1299 2086 1359 2169 τῆς

259 2183 392 2266 ένδυτῆς
411 2187 470 2267 τῆς
488 2187 597 2265 τιμίας
623 2182 679 2248 καί
700 2183 793 2267 ἆγίας
811 2185 985 2267 τραπέζης,
1011 2186 1189 2267 εἰσέρχεται
1217 2181 1236 2246 ό
1261 2187 1405 2264 βασι-ἰο

260 2279 336 2356 λεύς
355 2283 391 2345 έν
410 2285 455 2367 τῷ
473 2283 732 2370 σκευοφυλακιλρ,
763 2282 822 2346 καί
840 2284 897 2364 τῆς
926 2283 1080 2365 διανομῆς
1104 2284 1273 2365 γενομένης
1291 2283 1360 2344 τῶν

261 2377 403 2463 νύρδαν,
425 2375 617 2468 ύποστρέφει
637 2377 734 2447 πόλιν
753 2375 772 2446 ό
791 2378 943 2463 βασιλεύς
963 2378 1045 2463 μετὰ
1065 2378 1157 2466 δόξης
1176 2384 1212 2447 έν
1232 2382 1280 2469 ‘ll
1299 2373 1357 2444 usi·

261 2480 318 2543 rori
338 2482 496 2567 παλατίιρ,
527 2483 583 2545 καί
603 2483 657 2545 δεῖ
681 2480 767 2567 ἡμᾶς
795 2476 996 2567 εὐτρεπίζειν
1015 2482 1062 2556 εἰς
1080 2478 1281 2546 συνεστῶσιν
1299 2482 1360 2545 τοῦ

264 2724 382 2777 nerabill
402 2724 500 2795 quinta
523 2722 591 2777 feria
621 2722 743 2777 eiusdem
767 2741 832 2777 vere
857 2722 1018 2793 splendidae
1046 2730 1076 2777 ot
1093 2724 1207 2777 illustris
1225 2726 1361 2793 septima-

264 2811 331 2857 nae,
362 2794 391 2844 in
409 2810 463 2864 qua
482 2794 570 2849 divini
600 2794 681 2848 officii
700 2812 787 2847 coena
804 2794 925 2863 publicis
943 2792 1040 2847 usibus
1058 2812 1074 2844 ε
1093 2795 1206 2850 coelesti
1225 2794 1361 2862 sapientia

265 2866 429 2934 exponitur,
449 2866 480 2915 fit
498 2866 635 2935 processio
654 2880 759 2935 pagane
778 2868 809 2917 iu
826 2864 974 2933 splendido
994 2866 1118 2933 palatio,
1136 2873 1163 2915 et
1179 2880 1259 2915 inane
1275 2880 1291 2913 a
1308 2881 1362 2917 no-

265 2934 310 2985 bis
329 2936 470 3002 per-licitur
489 2935 524 2987 orl
542 2940 646 2988 sacrani
667 2952 781 2988 coenam
805 2935 943 2987 inritatio.
978 2935 1128 2985 inritamus
1153 2940 1247 2996 antem
1271 2936 1362 3017 uragi-

265 3013 352 3067 stros,
371 3006 555 3073 praepositos.
574 3007 766 3077 proconsules,
783 3007 927 3075 patricios,
953 3004 1099 3067 officiales,
1123 3002 1363 3073 protospatharios

266 3075 416 3137 eunuchos,
433 3076 614 3143 primicerios,
632 3077 768 3138 ostiarios,
786 3074 967 3144 maglabitas,
986 3074 1100 3126 comites
1119 3073 1230 3125 aritbmi
1249 3082 1278 3125 ct
1294 3090 1362 3127 cen-

265 3143 374 3197 tarohos
399 3162 449 3215 pro
474 3148 625 3216 capacitate
649 3162 766 3199 mensae.
809 3147 904 3200 Finito
933 3146 1028 3215 itaque
1063 3159 1190 3195 consessu
1220 3146 1296 3195 omni
1332 3152 1364 3197 et

266 3216 349 3267 misso
371 3223 485 3278 ornatu,
516 3218 673 3287 iterumque
691 3220 761 3271 eirca
779 3232 879 3267 nonam
906 3214 1001 3267 boram
1025 3214 1169 3277 redeunte,
1193 3216 1365 3268 conveniunt

266 3287 374 3337 inritati
394 3302 488 3341 omnes
512 3286 547 3337 nd
570 3287 764 3339 celebrandum
790 3303 895 3339 sacrum
913 3284 1084 3348 convivium,
1117 3290 1146 3335 et
1168 3292 1231 3352 post
1252 3286 1364 3337 linitum

267 3355 411 3425 spirituale
432 3358 574 3409 servitium
592 3360 758 3427 proponitur
780 3366 809 3409 et
828 3357 949 3409 accessui
968 3356 1066 3425 patefit
1083 3371 1188 3407 sacrum
1206 3356 1364 3407 convivium

266 3428 296 3478 in
316 3426 462 3495 conspicuo
480 3428 624 3479 Iustiniani
646 3428 769 3480 triclinio
788 3430 967 3489 institutum,
994 3434 1023 3477 et
1047 3426 1221 3495 praesidente
1240 3426 1365 3493 impera·

268 3507 329 3551 toro
349 3498 378 3549 in
397 3498 549 3550 venerabili
568 3515 677 3559 mensa,
703 3497 916 3550 introducuntur
942 3498 1052 3548 inritati
1078 3497 1106 3546 in
1134 3499 1190 3549 suis
1209 3512 1364 3547 scaraman-

268 3568 320 3637 giir
344 3574 459 3619 tanturn.
496 3568 590 3619 Finito
618 3576 709 3621 autern
735 3569 880 3632 convivio,
913 3584 998 3640 quum
1028 3575 1136 3634 tempus
1165 3576 1207 3619 est
1230 3566 1366 3629 abeundi,

268 3646 372 3691 exeunt
395 3638 538 3689 nobiscum
564 3655 658 3691 ornnes
682 3655 742 3689 oum
768 3638 866 3690 faculis
893 3640 994 3709 cuique
1014 3635 1178 3689 distributis.
1216 3636 1317 3688 Sancto
1336 3645 1367 3688 et

267 3709 422 3762 vonerabili
449 3708 496 3763 (lie
519 3709 628 3761 rabbuti
653 3710 776 3761 eiusdem
795 3712 981 3778 septimanae,
1007 3717 1072 3776 post.
1089 3715 1216 3777 opertum
1236 3707 1366 3776 splendi-

268 3779 333 3833 tluru
355 3779 502 3849 palatium,
528 3780 561 3832 lit
579 3779 700 3832 solennis
725 3788 753 3831 ot
781 3778 942 3832 universalis
968 3779 1106 3848 processio
1131 3777 1167 3828 ad
1185 3777 1318 3846 templum
1337 3778 1366 3830 S.

268 3850 401 3923 Sophiae;
427 3851 475 3902 ubi
503 3860 646 3923 postquam
667 3852 818 3919 Imperator
843 3851 987 3901 instratum
1010 3856 1119 3901 sunctae
1145 3855 1175 3899 ot
1197 3848 1366 3901 venerabilis

267 3936 331 3974 crae
350 3939 421 3973 uuvo
440 3924 571 3983 mutarit,
592 3922 676 3971 intrat
695 3923 724 3973 in
739 3918 993 3990 sceuophylaciurn,
1011 3918 1138 3989 factaque
1152 3917 1300 3972 nardorum
1316 3936 1365 3971 seu

269 4003 472 4061 unguentorum
492 3992 706 4054 ‹listribrrtione,
726 3990 799 4043 redit
816 4008 878 4043 cum
891 3992 977 4061 gloria
991 3992 1020 4040 in
1034 4007 1114 4042 suurn
1126 3990 1269 4058 palatium.
1292 3990 1366 4042 'rum

268 4070 379 4133 oportet
399 4080 448 4117 nos
467 4063 502 4117 εδ
522 4060 695 4123 coenandum
713 4078 775 4114 curn
793 4063 913 4117 manino
932 4061 1032 4119 amicos
1056 4060 1163 4114 exciere
1171 4099 1185 4124 „
1206 4060 1367 4130 maff'rtror,
