3042 4825
247 136 303 199 DE
333 132 431 197 titt
459 132 512 197 ΕΤ
546 128 679 198 RERUS
707 130 849 197 Gestis
880 127 1167 198 constantini.
1225 130 1279 195 tv

173 294 365 369 certamina,
398 280 476 375 duos
504 310 627 353 mnam
648 290 836 372 Campaniae
854 299 995 373 partem,
1027 310 1107 372 quae
1121 286 1279 351 Vulturno

175 376 321 455 adiacet,
342 374 400 436 sub
421 376 586 457 imperium
606 375 776 458 redegisse,
796 373 945 434 Batonius
959 372 1083 455 prodite
1116 382 1148 433 at
1170 393 1206 433 ea
1220 372 1280 433 lie-

173 461 358 521 neventanis
378 468 529 541 perpetuo
549 458 684 520 subiecta
705 456 786 534 fuit,
818 476 874 517 uec
893 466 962 517 tum
982 458 1076 517 armis
1096 465 1211 517 tentata
1230 456 1280 515 vi-

173 542 318 619 detur¹).
360 542 603 616 Constantinus,
636 562 707 603 cum
726 537 921 622 Neapolitani
941 560 1048 600 narsus
1067 538 1158 600 iidem
1178 540 1278 601 exuis-

173 624 473 709 senas-asariam
493 626 682 709 patricium,
712 634 768 700 ut,
801 622 952 683 conducto
981 641 1039 706 per
1061 621 1227 684 Thraciam
1248 622 1402 683 ettam

172 706 392 769 Macedoniam
420 706 537 785 milite,
570 707 730 791 perfidiam
750 704 966 781 ulcisceretsu,
997 706 1106 766 iussit:
1134 706 1161 766 is
1190 717 1283 789 eaput

172 794 277 874 gentis
296 812 477 873 aggressus,
509 792 614 868 cives,
653 801 689 862 ut
715 810 822 871 pacem
848 789 888 850 ab
909 790 1096 869 imperatore
1115 799 1278 872 peterent,

174 876 286 959 coegit
328 876 449 935 Horum
464 872 635 954 exemplum
649 872 867 955 Langobardi,
883 870 1028 951 Calabri,
1048 871 1166 955 Apuli,
1188 873 1280 933 Sam-

175 960 269 1035 oeni,
291 959 345 1041 qui
365 968 433 1019 tum
454 956 629 1019 inferiorem
643 954 750 1016 ltaliae
772 977 859 1017 oram
878 956 1042 1034 tenebant,
1063 957 1159 1017 secuti
1182 954 1284 1037 ierun-

175 1042 277 1119 sur2).
321 1038 373 1101 Ab
394 1060 431 1102 eo
450 1051 589 1123 tempore
609 1040 828 1101 Constantinus
849 1050 880 1101 et
899 1039 1111 1121 Nicephorus,
1138 1038 1197 1101 has
1215 1060 1283 1099 ma·

175 1125 253 1185 nimi
275 1124 396 1205 imperii
418 1122 562 1205 reliquias
582 1124 684 1198 tueri,
705 1122 820 1184 frasu-a
838 1122 937 1183 annisi
959 1132 1050 1201 sunt,
1072 1122 1187 1207 quippe
1206 1142 1283 1207 quse

176 1204 368 1268 nomana
391 1208 491 1271 virtus
513 1228 568 1267 sua
592 1216 622 1267 et
641 1204 768 1267 fortuna
784 1204 858 1267 belli
879 1216 1060 1267 reservarat.

178 1347 183 1361 ,
266 1290 342 1351 Xil.
384 1288 441 1349 liis
455 1284 554 1350 'editis
570 1287 727 1372 operibus,
749 1290 930 1371 Imperatori
944 1289 1284 1353 venenumallomano

176 1370 244 1433 filio
264 1370 447 1454 paraturi),
475 1374 562 1441 cuius
584 1383 670 1433 atrox
691 1374 871 1455 ingenium,
905 1394 997 1454 super
1021 1372 1196 1456 cupidinem
1223 1394 1283 1456 po·
1402 1429 1404 1434 ,

176 1456 316 1533 tentiae,
339 1453 456 1515 Helena
476 1466 575 1515 mater
594 1454 795 1535 incendebat,
825 1457 921 1517 evasit
940 1466 1065 1532 tamen,
1095 1454 1174 1516 forte
1197 1456 1282 1538 quod

175 1557 300 1599 veneno
319 1547 595 1619 temperamentum
617 1540 736 1615 inerat,
771 1558 812 1598 ne
832 1540 936 1598 statim
958 1542 1099 1600 saeviret.
1143 1540 1215 1599 Mox
1240 1538 1281 1601 ad

175 1620 347 1683 monachos
366 1619 519 1701 proiectus
546 1630 605 1699 est,
616 1623 669 1703 qui
693 1624 726 1681 in
742 1619 879 1703 Olympo
898 1632 1003 1681 monte
1023 1622 1131 1703 procul
1151 1625 1281 1705 negotiis

176 1706 276 1764 vitam
297 1703 449 1785 agebant,
479 1714 565 1763 tanta
595 1716 701 1764 omnes
733 1706 854 1786 pietatis
875 1714 905 1763 et
932 1703 1087 1786 religionis
1108 1704 1212 1783 fama,
1244 1717 1282 1769 ut

174 1786 337 1849 Romanus
358 1788 533 1867 Leoapenus
554 1808 656 1848 annua
675 1788 749 1869 ipsis
770 1784 920 1869 stipendia
941 1788 1161 1868 persoluenti).
1202 1787 1280 1850 Per-

177 1869 343 1935 crebuerat
360 1888 488 1947 rumor,
511 1870 732 1952 Imperatorem
752 1891 824 1930 eum
844 1870 1010 1932 Theodoro
1024 1872 1196 1954 Cyzicena,
1217 1893 1281 1955 quo

166 1964 339 2036 praetextu
353 1950 539 2033 Polyeuctus
552 1952 737 2034 patriarcba,
753 1952 871 2013 dudum
890 1954 933 2014 ob
950 1956 1107 2037 ingenium
1127 1967 1157 2016 et
1180 1977 1281 2017 mores

178 2039 319 2113 iuvuns,
340 2032 495 2097 tollendus
512 2046 613 2114 esset,
642 2034 826 2096 deliberasse
844 2036 880 2114 ὅ).
924 2037 1001 2097 inde
1029 2037 1209 2120 Byzantium
1229 2060 1280 2101 re-

177 2138 309 2196 versus,
334 2116 551 2177 mortalitatem
575 2117 724 2199 explevit,
746 2138 800 2181 seu
821 2121 958 2199 corporis
977 2120 1173 2203 infirmitate,
1201 2142 1282 2201 seu,

177 2200 265 2285 qsaod
294 2199 419 2281 plurimi
448 2199 708 2281 suspicabantur,
736 2220 855 2261 veneno
884 2203 996 2261 iterum
1028 2206 1154 2285 petitus.
1195 2206 1282 2267 Vixit

176 2283 390 2359 annosLlV.,
411 2302 447 2343 ex
471 2283 583 2365 quibus
602 2280 725 2343 xxvi.
747 2302 818 2343 cum
840 2304 945 2345 socero
958 2285 1096 2348 Romano
1107 2331 1117 2368 ,
1132 2288 1207 2350 XV.
1229 2310 1280 2350 so-

178 2367 256 2450 lus,
278 2361 460 2452 regnanti).
500 2365 629 2430 Senatus
649 2367 682 2427 in
701 2364 809 2429 ffinere
829 2368 984 2451 ornando,
1012 2380 1043 2433 et
1071 2372 1104 2434 in
1130 2374 1281 2436 memoria

220 2532 248 2608 s)
271 2529 544 2658 donbapmffllll
569 2525 702 2660 Castigp‘p·
728 2533 764 2588 ad
791 2531 944 2658 (lisraccipii
971 2533 1159 2624 Chronoiogos
1175 2555 1210 2660 ip.
1224 2538 1280 2658 ἐγ.

252 2613 329 2728 :ti
349 2620 491 2744 sitiat
519 2615 765 2740 stituit:
787 2624 843 2730 aia
859 2623 1280 2732 ittitttt'ttttt:

249 2753 402 2818 putantur,
438 2761 473 2798 ex
505 2745 651 2799 tabulariis
693 2747 824 2801 ecclcsiae
857 2745 1013 2815 Campanae
1035 2748 1149 2818 profert.
1195 2751 1280 2804 Prsa-

251 2823 329 2870 teres
354 2817 385 2868 in
411 2812 560 2938 diplomate
583 2816 759 2871 Constantini
776 2826 805 2872 et
836 2813 968 2884 Romani,
988 2817 1085 2872 indict.
1112 2819 1180 2885 XV,
1195 2817 1280 2873 Chri·

250 2888 288 2940 sti
323 2886 385 2957 gis.
419 2881 522 2950 eito,'
551 2887 609 2956 agri
645 2885 793 2958 capuanae
823 2889 955 2942 ecciesiae
970 2888 1106 2942 “subiecti
1136 2891 1172 2944 ab
1201 2893 1281 2946 omni

250 2955 379 3020 diriores,
406 2957 530 3028 augaria
550 2957 665 3029 publiea
694 2957 874 3024 attributis,
906 2976 976 3030 quae
1001 2959 1123 3016 Patriciis
1147 2969 1177 3014 et
1202 2962 1280 3015 Stra-

250 3027 521 3152 tiatii't':
544 3025 681 3153 &titi
705 3029 1013 3173 ittbiit'i‘t,
1029 3031 1106 3172 1‘lii‘
1130 3032 1281 3172 {biiii
1372 3090 1375 3093 ·

251 3169 312 3237 449
337 3136 484 3230 adductis,
515 3177 637 3239 apparet.
709 3179 741 3228 at
764 3170 858 3242 Lupus
882 3169 1062 3244 Protospatbs
1088 3171 1123 3226 sd
1146 3144 1193 3226 am
1217 3174 1280 3244 955.

249 3236 402 3293 Descendit
427 3240 580 3294 Marianus
601 3241 745 3295 Patricius
771 3241 803 3297 iss
828 3245 965 3314 Apuliam
1003 3241 1084 3296 Cont.
1106 3241 1233 3315 Thespis.
1251 3261 1280 3314 p.

251 3311 313 3364 aas.
385 3309 415 3377 3)
430 3309 546 3362 Zonaras
563 3327 589 3380 p.
600 3313 657 3380 ¹9⁵·
677 3313 711 3366 D.
738 3309 879 3365 Cedrenus
930 3313 1011 3382 bis·
1047 3312 1146 3382 Glycss
1163 3331 1191 3384 p.
1206 3316 1283 3381 sos,

253 3379 329 3450 qnod
357 3379 470 3431 Simeon
491 3379 643 3450 Lugotbets
671 3387 701 3433 et
723 3380 858 3453 Georgius
884 3331 1036 3438 bdrnachus
1061 3385 1174 3438 silentio
1198 3401 1280 3454 prae·

251 3456 380 3514 termut,
407 3447 586 3520 Theophanis
623 3453 862 3518 continuatorem,
889 3457 934 3510 cui
962 3455 1051 3518 baec,
1080 3455 1189 3509 etiamsi
1215 3473 1282 3510 vers

163 3559 170 3584 ,
255 3530 364 3584 essent,
382 3517 492 3573 tradere
509 3522 694 3590 periculosum
712 3531 789 3588 erat,
808 3525 904 3578 secuti.
974 3525 1003 3598 4)
1023 3524 1134 3580 Contio.
1153 3523 1281 3596 Theopla-

254 3591 427 3646 ssa-tionem
445 3607 472 3661 p.
495 3595 556 3662 abo
629 3593 657 3659 5)
673 3595 788 3647 Zonaras
827 3597 916 3664 anti.
952 3593 1093 3650 Cedrenns
1114 3597 1175 3665 641.
1212 3597 1282 3666 Gly-

253 3677 297 3715 ess
326 3678 352 3730 p.
382 3660 441 3714 ³03.
512 3661 532 3714 6
560 3662 606 3718 Sic
636 3661 763 3735 Theoph.
836 3667 906 3720 ntia.
934 3681 962 3734 p·
987 3685 1048 3738 ²9²·
1073 3666 1146 3722 obiit
1179 3669 1281 3720 mensis

168 3769 172 3780 .
252 3728 417 3786 Novembris
440 3729 488 3786 die
565 3769 572 3784 .
607 3734 705 3788 indict.
729 3735 777 3787 iii.
803 3754 875 3790 anno
900 3749 917 3786 s
938 3751 974 3787 m.
1002 3755 1026 3792 c.
1052 3739 1131 3807 6469.
1168 3737 1282 3791 Simeon

253 3801 406 3874 logotheta
438 3818 525 3856 annos
548 3805 608 3858 eius
631 3804 728 3858 eodem
755 3804 839 3859 modo
865 3813 1006 3870 numerat,
1035 3807 1083 3861 sed
1103 3808 1202 3863 indict
1231 3806 1280 3864 Vl.

252 3887 276 3926 a
298 3872 378 3942 ⁶l⁵⁶·
405 3873 555 3928 decessisse
579 3875 692 3940 saritam
719 3873 766 3929 dic
786 3875 831 3930 ue
853 3874 1036 3941 Novembris,
1059 3877 1156 3932 indict
1183 3879 1230 3935 111.
1255 3895 1279 3930 s.

251 3943 333 4012 6668.»
346 3943 511 4000 emmae·
531 3945 624 4016 Lupus
636 3945 830 4017 Protospstbs:
847 3967 915 4002 enn-
930 3949 996 4014 960·
1018 3941 1120 4005 indies.
1138 3947 1190 4004 111.
1208 3948 1281 4003 obiit

250 4014 457 4076 Gemmeus
480 4017 577 4089 snpra
608 4019 660 4090 qui
685 4019 820 4092 ramme
849 4036 897 4075 sse
914 4011 957 4091 lp.
977 4033 1006 4076 ss
1029 4020 1154 4078 urrssis
1177 4017 1280 4079 aona-
