3042 4825
290 134 373 246 74²
496 161 769 232 consrsnrsnr
807 167 1175 236 rossusnousnru

218 343 221 351 ¹
287 309 468 398 ἇκοοβέτων
496 315 671 407 τιμιωτάτῃ
703 321 843 409 τραπέζῃ
874 325 926 386 δεῖ
950 322 1036 406 δμᾶς
1062 331 1170 392 καλεῖν
1195 321 1395 410 μαγιλντροτις

288 414 365 497 δσό,
387 411 593 493 α’νδυπάτους
614 417 807 504 πατρικίους,
829 423 1023 508 στρατηγούς
1042 427 1086 506 ἓξ,
1100 422 1313 508 Βοολγάροας
1337 428 1396 510 ρι’-

287 519 365 589 λοσς
386 511 457 596 δύο,
480 513 707 602 σ’φφικιαλέους
728 515 794 583 sind
815 522 871 605 τῆς
891 527 950 586 τοῦ
969 526 1197 609 στρατιωτικοῦ
1218 528 1393 606 λογοθέιοσ

287 610 405 692 τάξεως
427 613 484 678 καί
502 619 672 702 κατωτέρω
694 615 754 682 δύο
761 670 772 700 ,
804 618 885 704 πρὸς
905 619 942 685 sd
963 625 1243 708 σονανακλιγδῆναι
1263 626 1308 710 τῷ
1328 627 1394 704 βα-

289 718 377 777 σιλεῖ
403 715 448 790 εἰς
481 710 577 779 τύπον
597 720 651 803 τῆς
671 713 884 807 ἀποστολρκῆς
902 719 1103 804 δωδεκάδος,
1136 727 1252 808 φιλους
1273 720 1331 786 τὸν
1350 721 1413 785 es
1518 790 1519 797 ,

140 810 410 900 Εδλιέλοριδμδν
431 809 483 897 ιβ·
525 816 726 900 προκισεύειν
746 821 783 883 δὲ
803 815 925 898 adsurde
946 823 1000 885 δεῖ
1026 819 1181 906 στιχηδόν
1200 819 1279 886 κατὰ
1300 817 1395 896 τάξιν

287 917 343 998 τῆς
365 909 499 980 ἑκάστου
518 915 628 998 dirue,
666 919 895 1002 ἐνδεδεμένους
913 920 972 998 τὰς
999 924 1115 998 οἰκείοις
1136 923 1245 986 αὐτῶν
1263 919 1395 1003 χλαμῦ-

173 1039 176 1048 ’
289 1014 349 1088 δας
370 1013 570 1105 ἐμπροσθειλρ
590 1019 634 1104 τῷ
653 1017 813 1104 σχήματι,
858 1017 1112 1101 ὑποδεδεμένους
1141 1021 1178 1085 δὲ
1206 1018 1263 1083 καί
1280 1016 1320 1084 τῶ
1343 1021 1395 1084 σι’-

287 1119 357 1179 κεῑα
378 1110 562 1198 καμπῶγια,
591 1117 646 1181 καὶ
667 1119 846 1202 εἰσαγαγεῖν
867 1119 987 1196 oriende
1015 1117 1098 1203 μετὰ
1118 1117 1177 1203 τὴν
1198 1113 1308 1206 ἄφιξιν
1327 1118 1394 1181 τῶν

286 1210 469 1295 μελλόντων
489 1219 693 1300 παραστᾶναι
712 1220 889 1300 βασιλικῶν
916 1214 1088 1303 ῶποαργῶν
1109 1216 1220 1283 τεκαὶ
1235 1213 1432 1300 dccxciii-so

220 1395 229 1410 ι
288 1337 355 1394 ων,
376 1309 518 1398 δηλονότι
536 1313 684 1398 λαβόντος
703 1316 740 1382 sd
762 1321 873 1404 σχῆμα
893 1322 953 1384 τοῦ
972 1320 1166 1404 καοτρησέοσ
1186 1320 1244 1402 τῆς
1261 1321 1392 1398 βασιλε-

197 1419 200 1428 ’
285 1415 344 1497 κῆς
363 1415 519 1498 τραπέζης
538 1411 627 1502 παρῶ
648 1419 706 1481 τοῦ
727 1409 854 1483 sivetu
863 1419 1066 1503 παρεστῶτος
1081 1419 1281 1503 περιφανοῦς
1297 1437 1392 1500 πραι·

286 1512 439 1594 nuutios,
474 1511 531 1578 seui
563 1518 841 1602 συνανερχομένοσ
875 1517 987 1592 adroic
1005 1518 1106 1601 μέχρι
1125 1518 1186 1579 τοῦ
1205 1513 1391 1600 τρλβοὶδμον

285 1611 341 1695 τῆς
360 1615 527 1697 βασιλικῆς
549 1614 710 1699 εὐωχίας,
741 1615 798 1681 καὶ
822 1615 973 1691 ἱστῶντος
994 1614 1116 1691 adrosis
1135 1613 1243 1702 κύκλιρ
1265 1616 1321 1698 τῆς
1340 1637 1392 1678 τι-

286 1711 366 1790 μίας
391 1713 548 1798 τραπέζης
577 1715 623 1790 εἰς
655 1712 691 1778 τό
721 1717 847 1791 εἰδικῶς
885 1718 1138 1802 προσκαλεῖσθαι
1167 1711 1433 1798 πλησιέστερονι5

264 1815 418 1898 Βφιλοος,
456 1808 511 1888 οὓς
532 1806 572 1878 ῶν
593 1814 669 1902 δόξῃ
697 1817 741 1901 τῷ
761 1819 905 1896 βασιλεῖ’.
946 1817 982 1880 έν
1004 1816 1040 1878 δὲ
1059 1821 1126 1889 τοῖς
1146 1807 1305 1899 ἑκατέρων
1325 1815 1393 1877 τῶν

286 1912 393 1994 μερῶν
420 1905 601 1992 ῶκοοβέτοις
631 1915 685 1978 δεῖ
702 1913 789 1994 ὑμᾶς
809 1917 917 1977 καλεῖν
942 1914 977 1978 ἐν
997 1907 1098 2000 ταύτῃ
1118 1915 1160 1998 τῇ
1182 1913 1316 2000 λαμπρᾷ
1335 1913 1393 1976 καί

196 2078 201 2087 ¹
285 2009 461 2100 περιβοήτῳ
483 2011 587 2102 ἡμέρᾳ
607 2010 665 2098 τὴν
684 2008 747 2076 sind
771 2010 952 2094 καμπάγιον
973 2009 1146 2097 σύγκλητον
1174 2011 1301 2094 πᾶσαν,
1323 2005 1391 2076 οἶον

285 2107 479 2198 ἆσηκρήτοις,
498 2111 754 2198 χαρτοαλαρέοας
765 2114 829 2178 τῶν
849 2112 998 2196 μεγάλων
1013 2114 1181 2196 σεκρέτων,
1201 2106 1391 2192 βασιλικοδς

285 2210 453 2294 νοταρίοος
466 2215 530 2275 τῶν
542 2211 723 2293 λεχθέντων
737 2214 907 2296 σεκρέτων,
920 2204 987 2276 οἷον
1000 2209 1064 2273 ἀπό
1077 2233 1113 2274 τε
1129 2211 1430 2296 σπαθαροκανδι-εο

284 2310 391 2374 δάτων
408 2314 465 2375 καί
476 2315 641 2396 κατωτέρω
655 2309 794 2393 ὑπάτων,
811 2306 1007 2392 δισαπῶτων,
1016 2311 1162 2396 κομὴτων
1175 2310 1240 2375 τῶν
1253 2314 1390 2392 σχολῶν,

1329 2408 1343 2431 ἱ

1374 2447 1390 2463 ι

284 2407 514 2496 σιλεντιαρέων,
535 2409 760 2499 προτικτόρων,
777 2408 1018 2498 εδτοχσφόρων,
1034 2405 1298 2498 σκηπτροφόρων,
1319 2417 1375 2491 αξι

284 2628 408 2666 mensam
428 2622 539 2682 oportet
561 2632 612 2668 nos
641 2612 775 2666 advocare
801 2611 856 2668 duo
879 2612 994 2684 quidem
1021 2613 1183 2683 magistros,
1208 2612 1388 2682 proconsules

282 2684 430 2753 patricios,
455 2692 587 2755 strategos
606 2692 698 2736 autem
723 2700 787 2747 sex,
815 2685 919 2737 smicos‘
936 2686 981 2737 vel
998 2685 1104 2754 legatos
1123 2701 1139 2736 e
1162 2684 1290 2753 Balgatia
1309 2684 1388 2747 duo,

283 2754 397 2806 tandem
415 2752 543 2807 officiales
564 2756 598 2807 dc
617 2754 715 2808 ordine
733 2754 893 2823 logothetae
910 2756 952 2807 rei
971 2755 1119 2820 militaris,
1136 2762 1186 2807 sut
1203 2764 1232 2807 et
1251 2755 1316 2807 aliis
1341 2756 1389 2807 in-

282 2822 433 2875 ferioribus
452 2826 547 2877 ciliciis
569 2824 641 2891 duo,
667 2843 722 2899 quo
752 2825 788 2877 ad
815 2824 932 2877 eandem
961 2842 1022 2876 eum
1049 2826 1171 2881 Domino
1195 2842 1321 2878 snenssns
1341 2841 1389 2877 ac-

283 2895 415 2946 cumbunt
433 2896 513 2947 amici
532 2896 687 2958 duodecim,
705 2896 906 2950 imitamentum
925 2896 1129 2966 apostolorum,
1146 2896 1195 2966 qui
1216 2913 1280 2947 cnm
1306 2894 1403 2963 cmi-⁴

281 2974 327 3018 sto
345 2962 380 3017 ad
398 2982 518 3017 mensam
537 2968 731 3020 accubuerunt
768 2966 925 3021 Procedunt
950 2976 1043 3019 nutem
1067 2984 1140 3019 unus
1163 2975 1229 3035 post
1250 2967 1386 3031 alterurn,

282 3034 434 3089 seeundum
453 3037 579 3105 ordinem
597 3055 662 3090 suae
680 3038 743 3107 quis
765 3054 800 3089 ue
817 3036 961 3107 dignitatis
979 3040 1072 3091 antico
1090 3034 1188 3099 modo,
1205 3035 1300 3089 induti
1323 3054 1387 3091 suas

305 3108 402 3175 uisque
420 3106 593 3175 chlamydes,
612 3116 641 3160 et
659 3110 688 3161 in
711 3054 830 3177 pedibus
855 3107 991 3161 habentes
1016 3124 1065 3160 sua
1091 3106 1210 3179 quisque
1232 3106 1385 3176 campagis

282 3124 402 3245 dportet
419 3187 511 3231 sutem
531 3181 594 3232 illos
610 3179 793 3241 introducere,
819 3185 966 3248 postquam
995 3178 1170 3240 advenerint,
1198 3179 1249 3251 qui
1270 3194 1385 3231 mensae

282 3246 392 3301 adstare
413 3258 442 3301 et
453 3252 555 3301 servire
573 3249 685 3313 debent,
710 3248 868 3317 imperiales
890 3250 1012 3301 ministri
1034 3246 1198 3310 triclinures,
1228 3257 1258 3303 et
1273 3250 1385 3302 vocales

280 3335 331 3369 sess
357 3320 471 3385 musici;
494 3330 571 3390 gestu
589 3336 689 3389 nempe
707 3323 816 3389 signum
834 3320 988 3389 accipiente
1006 3336 1100 3373 sacrus
1116 3335 1226 3372 mensae
1243 3327 1384 3373 castrense

281 3388 317 3440 ab
337 3406 385 3453 eo,
409 3392 458 3461 qui
478 3409 595 3459 superne
612 3392 717 3451 adstat,
740 3390 844 3442 illustri
866 3392 1042 3461 praeposito,
1069 3396 1099 3441 el
1119 3389 1203 3440 simul
1226 3406 1286 3442 curn
1313 3391 1383 3458 ipsis

280 3458 467 3513 adscendente
488 3480 576 3533 usque
603 3461 638 3513 ad
657 3461 837 3514 tribatlsmum
863 3477 911 3512 scu
950 3469 1106 3531 suggestum
1136 3460 1221 3511 trium
1250 3460 1388 3530 grsdmm

279 3546 373 3583 sacrae
390 3548 517 3595 mensae,
545 3539 575 3585 et
592 3532 621 3583 in
640 3534 735 3585 orbern
755 3532 898 3585 eos'eircs
926 3530 1114 3584 venerabilem
1137 3546 1261 3582 mensum
1291 3531 1384 3583 collo·

280 3609 375 3667 cante;
406 3620 462 3673 quo
495 3606 659 3675 imperator,
690 3620 759 3674 quos
789 3603 930 3666 voluerit,
960 3604 1066 3655 viritim
1095 3601 1211 3671 propius
1244 3600 1382 3654 advocare

277 3673 374 3743 possit.
411 3672 453 3727 sd
471 3674 612 3727 accubitos
629 3682 721 3727 autem
739 3688 787 3725 seu
806 3688 913 3725 mensas
938 3673 1079 3726 ambarum
1099 3673 1219 3741 partium
1240 3670 1381 3745 [respectu

277 3760 369 3796 sacrae
388 3760 498 3795 mensae
516 3746 550 3799 ad
570 3744 694 3797 dextram
715 3751 744 3796 ct
762 3744 902 3796 sinistram
924 3742 1039 3817 stantes]
1064 3750 1176 3811 oportet
1204 3760 1253 3796 vos
1278 3759 1379 3795 vocare

277 3815 328 3867 illo
347 3815 493 3885 splendido
515 3824 544 3869 et
564 3817 666 3869 celebri
684 3814 730 3866 die
746 3822 837 3867 totum
855 3823 999 3879 senatum,
1024 3817 1073 3887 qui
1086 3816 1228 3883 campagis
1245 3815 1275 3865 in
1292 3812 1378 3883 pedi·

276 3884 329 3937 bus
355 3888 443 3954 gerit,
472 3896 504 3939 ut
521 3895 670 3949 asecretas,
694 3884 876 3955 chartularios
895 3904 1055 3957 magnorum
1073 3893 1257 3947 secretorum,
1284 3886 1378 3954 inspe-

212 3996 222 4015 ,
276 3956 359 4007 riolos
379 3960 501 4011 notarios
525 3957 674 4011 eorundem
694 3966 878 4021 secretorum,
906 3964 939 4010 ut
961 3974 977 4008 a
998 3956 1284 4026 spatharocandidstis
1308 3953 1378 4007 inde

276 4027 437 4095 incipiendo
457 4036 485 4080 et
505 4027 696 4081 descendendo
716 4044 767 4096 per
783 4027 932 4098 dignitates
950 4028 985 4080 ad
1001 4028 1136 4089 consules,
1154 4028 1254 4079 iterum
1274 4043 1377 4078 consu-

276 4095 326 4162 les,
345 4100 458 4153 comites
478 4098 640 4167 scholarsun,
659 4100 835 4166 silentiarios,
855 4106 1035 4172 protectores,
1052 4096 1296 4171 eutychiophoros,
1313 4113 1376 4151 see·
