<?xml version="1.0" encoding="UTF-8"?>
<!DOCTYPE html PUBLIC "-//W3C//DTD XHTML 1.0 Transitional//EN"
    "http://www.w3.org/TR/xhtml1/DTD/xhtml1-transitional.dtd">
<html xmlns="http://www.w3.org/1999/xhtml" xml:lang="en" lang="en">
 <head>
  <title>
</title>
<meta http-equiv="Content-Type" content="text/html;charset=utf-8" />
  <meta name='ocr-system' content='tesseract 3.04.00' />
  <meta name='ocr-capabilities' content='ocr_page ocr_carea ocr_par ocr_line ocrx_word'/>
</head>
<body>
  <div class='ocr_page' id='page_1' title='image "./corpusscriptoru40niebgoog_0165.png"; bbox 0 0 3042 4825; ppageno 0'>
   <div class='ocr_carea' id='block_1_1' title="bbox 295 189 1256 299">
    <p class='ocr_par' dir='ltr' id='par_1_1' title="bbox 295 189 1256 299">
     <span class='ocr_line' id='line_1_1' title="bbox 295 189 1256 299; baseline 0.004 -45"><span class='ocrx_word' id='word_1_1' title='bbox 295 191 351 254; x_wconf 77' lang='lat' dir='ltr'>on</span> <span class='ocrx_word' id='word_1_2' title='bbox 386 189 584 256; x_wconf 73' lang='lat' dir='ltr'>censitor.</span> <span class='ocrx_word' id='word_1_3' title='bbox 619 189 758 255; x_wconf 76' lang='lat' dir='ltr'>amre</span> <span class='ocrx_word' id='word_1_4' title='bbox 791 191 963 252; x_wconf 74' lang='lat' dir='ltr'>oretur.</span> <span class='ocrx_word' id='word_1_5' title='bbox 998 191 1024 250; x_wconf 88' lang='lat'>1.</span> <span class='ocrx_word' id='word_1_6' title='bbox 1060 193 1111 299; x_wconf 68' lang='grc' dir='ltr'>ιι.</span> <span class='ocrx_word' id='word_1_7' title='bbox 1198 191 1256 276; x_wconf 83' lang='grc'>99</span> 
     </span>
    </p>
   </div>
   <div class='ocr_carea' id='block_1_2' title="bbox 100 328 1391 2921">
    <p class='ocr_par' dir='ltr' id='par_1_2' title="bbox 100 328 1391 2921">
     <span class='ocr_line' id='line_1_2' title="bbox 157 328 1277 430; baseline 0.001 -22"><span class='ocrx_word' id='word_1_8' title='bbox 157 341 211 428; x_wconf 71' lang='grc' dir='ltr'>γία</span> <span class='ocrx_word' id='word_1_9' title='bbox 232 342 383 429; x_wconf 67' lang='grc' dir='ltr'>ἀληθινὰ,</span> <span class='ocrx_word' id='word_1_10' title='bbox 406 345 571 430; x_wconf 80' lang='grc' dir='ltr'><strong><em>πατρίκιοί</em></strong></span> <span class='ocrx_word' id='word_1_11' title='bbox 588 367 623 410; x_wconf 83' lang='grc' dir='ltr'>τε</span> <span class='ocrx_word' id='word_1_12' title='bbox 643 347 699 409; x_wconf 85' lang='grc' dir='ltr'>καί</span> <span class='ocrx_word' id='word_1_13' title='bbox 718 346 901 429; x_wconf 76' lang='grc' dir='ltr'><strong><em>στρατηγοί,</em></strong></span> <span class='ocrx_word' id='word_1_14' title='bbox 923 340 1133 428; x_wconf 85' lang='grc' dir='ltr'><strong><em>πραιπόσιτοί</em></strong></span> <span class='ocrx_word' id='word_1_15' title='bbox 1147 365 1183 408; x_wconf 87' lang='grc' dir='ltr'>τε</span> <span class='ocrx_word' id='word_1_16' title='bbox 1202 328 1277 410; x_wconf 66' lang='grc' dir='ltr'>καί</span> 
     </span>
     <span class='ocr_line' id='line_1_3' title="bbox 157 439 1258 530; baseline 0.002 -23"><span class='ocrx_word' id='word_1_17' title='bbox 157 441 318 529; x_wconf 76' lang='grc' dir='ltr'><strong><em>βοτιοὶριοι</em></strong></span> <span class='ocrx_word' id='word_1_18' title='bbox 338 447 394 508; x_wconf 84' lang='grc' dir='ltr'>καί</span> <span class='ocrx_word' id='word_1_19' title='bbox 414 441 636 530; x_wconf 75' lang='grc' dir='ltr'><strong><em>πριμικὴριοι·</em></strong></span> <span class='ocrx_word' id='word_1_20' title='bbox 679 439 709 507; x_wconf 87' lang='grc' dir='ltr'>οἱ</span> <span class='ocrx_word' id='word_1_21' title='bbox 730 445 767 509; x_wconf 71' lang='grc' dir='ltr'>δὲ</span> <span class='ocrx_word' id='word_1_22' title='bbox 798 443 949 525; x_wconf 76' lang='grc' dir='ltr'><strong><em>ειλνοῦχοι</em></strong></span> <span class='ocrx_word' id='word_1_23' title='bbox 974 439 1258 529; x_wconf 76' lang='grc' dir='ltr'><strong><em>πραιτοσπαθοὶριοι</em></strong></span> 
     </span>
     <span class='ocr_line' id='line_1_4' title="bbox 156 539 1256 629; baseline -0.003 -19"><span class='ocrx_word' id='word_1_24' title='bbox 156 545 271 610; x_wconf 80' lang='grc' dir='ltr'><strong><em>σπέκια</em></strong></span> <span class='ocrx_word' id='word_1_25' title='bbox 293 541 441 628; x_wconf 72' lang='grc' dir='ltr'>οἶληβινοὶ,</span> <span class='ocrx_word' id='word_1_26' title='bbox 464 541 580 626; x_wconf 82' lang='grc' dir='ltr'><strong><em>ὁμοίως</em></strong></span> <span class='ocrx_word' id='word_1_27' title='bbox 600 545 636 610; x_wconf 78' lang='grc' dir='ltr'>δὲ</span> <span class='ocrx_word' id='word_1_28' title='bbox 658 541 714 608; x_wconf 87' lang='grc' dir='ltr'><strong><em>καὶ</em></strong></span> <span class='ocrx_word' id='word_1_29' title='bbox 731 541 761 607; x_wconf 90' lang='grc' dir='ltr'>οἱ</span> <span class='ocrx_word' id='word_1_30' title='bbox 781 539 939 628; x_wconf 82' lang='grc' dir='ltr'><strong><em>βαρβοὶτοι</em></strong></span> <span class='ocrx_word' id='word_1_31' title='bbox 959 541 1256 629; x_wconf 74' lang='grc' dir='ltr'><strong><em>πρατοσπαθιλριοι,</em></strong></span> 
     </span>
     <span class='ocr_line' id='line_1_5' title="bbox 155 640 1257 732; baseline 0.001 -25"><span class='ocrx_word' id='word_1_32' title='bbox 155 640 184 707; x_wconf 86' lang='grc' dir='ltr'>οἱ</span> <span class='ocrx_word' id='word_1_33' title='bbox 204 645 240 708; x_wconf 75' lang='grc' dir='ltr'>δὲ</span> <span class='ocrx_word' id='word_1_34' title='bbox 260 640 673 732; x_wconf 75' lang='grc' dir='ltr'><strong><em>σπαθαροκουβικουλυὶριοι</em></strong></span> <span class='ocrx_word' id='word_1_35' title='bbox 699 645 755 709; x_wconf 86' lang='grc' dir='ltr'>καί</span> <span class='ocrx_word' id='word_1_36' title='bbox 783 640 813 708; x_wconf 87' lang='grc' dir='ltr'>οἱ</span> <span class='ocrx_word' id='word_1_37' title='bbox 833 640 1092 726; x_wconf 81' lang='grc' dir='ltr'><strong><em>κουβικουλιίριοι</em></strong></span> <span class='ocrx_word' id='word_1_38' title='bbox 1112 642 1176 706; x_wconf 81' lang='grc' dir='ltr'><strong><em>οἷπὸ</em></strong></span> <span class='ocrx_word' id='word_1_39' title='bbox 1198 667 1257 708; x_wconf 83' lang='grc' dir='ltr'>κα-</span> 
     </span>
     <span class='ocr_line' id='line_1_6' title="bbox 135 738 1283 830; baseline -0.006 -17"><span class='ocrx_word' id='word_1_40' title='bbox 135 741 305 826; x_wconf 82' lang='grc' dir='ltr'><strong><em>5μινσίοον,</em></strong></span> <span class='ocrx_word' id='word_1_41' title='bbox 340 741 551 826; x_wconf 76' lang='grc' dir='ltr'><em>βαστάζοντες</em></span> <span class='ocrx_word' id='word_1_42' title='bbox 581 741 612 808; x_wconf 92' lang='grc' dir='ltr'>οἱ</span> <span class='ocrx_word' id='word_1_43' title='bbox 637 740 1049 830; x_wconf 77' lang='grc' dir='ltr'><strong><em>σπαβαροκουβικουλάριοι</em></strong></span> <span class='ocrx_word' id='word_1_44' title='bbox 1075 743 1131 806; x_wconf 86' lang='grc' dir='ltr'>καί</span> <span class='ocrx_word' id='word_1_45' title='bbox 1146 738 1187 806; x_wconf 78' lang='grc' dir='ltr'>τοὶ</span> <span class='ocrx_word' id='word_1_46' title='bbox 1206 744 1283 807; x_wconf 75' lang='grc' dir='ltr'>(λι-Β</span> 
     </span>
     <span class='ocr_line' id='line_1_7' title="bbox 153 835 1259 930; baseline -0.003 -21"><span class='ocrx_word' id='word_1_47' title='bbox 153 843 289 930; x_wconf 83' lang='grc' dir='ltr'><strong><em>στροίλια</em></strong></span> <span class='ocrx_word' id='word_1_48' title='bbox 310 843 433 926; x_wconf 74' lang='grc' dir='ltr'><strong><em>αὐτῶν,</em></strong></span> <span class='ocrx_word' id='word_1_49' title='bbox 462 843 492 909; x_wconf 89' lang='grc' dir='ltr'>οἱ</span> <span class='ocrx_word' id='word_1_50' title='bbox 513 846 549 910; x_wconf 82' lang='grc' dir='ltr'>δὲ</span> <span class='ocrx_word' id='word_1_51' title='bbox 570 839 755 908; x_wconf 72' lang='lat' dir='ltr'>sandrisitas</span> <span class='ocrx_word' id='word_1_52' title='bbox 775 844 833 910; x_wconf 88' lang='grc' dir='ltr'><strong><em>καὶ</em></strong></span> <span class='ocrx_word' id='word_1_53' title='bbox 854 838 1071 927; x_wconf 78' lang='grc' dir='ltr'><strong><em>μανδατορες,</em></strong></span> <span class='ocrx_word' id='word_1_54' title='bbox 1102 835 1259 919; x_wconf 61' lang='lat' dir='ltr'>decaicus</span> 
     </span>
     <span class='ocr_line' id='line_1_8' title="bbox 153 935 1255 1030; baseline -0.001 -24"><span class='ocrx_word' id='word_1_55' title='bbox 153 942 210 1006; x_wconf 85' lang='grc' dir='ltr'>καί</span> <span class='ocrx_word' id='word_1_56' title='bbox 230 939 261 1005; x_wconf 91' lang='grc' dir='ltr'>οἱ</span> <span class='ocrx_word' id='word_1_57' title='bbox 281 943 473 1030; x_wconf 83' lang='grc' dir='ltr'><strong><em>σκριβαινες,</em></strong></span> <span class='ocrx_word' id='word_1_58' title='bbox 502 941 561 1021; x_wconf 82' lang='grc' dir='ltr'>τοὶς</span> <span class='ocrx_word' id='word_1_59' title='bbox 581 939 707 1008; x_wconf 70' lang='lat' dir='ltr'>iunceis</span> <span class='ocrx_word' id='word_1_60' title='bbox 727 941 862 1024; x_wconf 79' lang='grc' dir='ltr'><strong><em>στολὰς,</em></strong></span> <span class='ocrx_word' id='word_1_61' title='bbox 894 941 939 1018; x_wconf 80' lang='grc' dir='ltr'>οἱς</span> <span class='ocrx_word' id='word_1_62' title='bbox 968 939 1108 1006; x_wconf 76' lang='grc' dir='ltr'><strong><em>εἴθισται</em></strong></span> <span class='ocrx_word' id='word_1_63' title='bbox 1128 935 1255 1016; x_wconf 68' lang='grc' dir='ltr'><strong><em>αι’ποϊξ·</em></strong></span> 
     </span>
     <span class='ocr_line' id='line_1_9' title="bbox 153 1039 1256 1127; baseline -0.001 -21"><span class='ocrx_word' id='word_1_64' title='bbox 153 1043 337 1121; x_wconf 80' lang='grc' dir='ltr'><strong><em>α’νοίξαντος</em></strong></span> <span class='ocrx_word' id='word_1_65' title='bbox 358 1045 395 1109; x_wconf 76' lang='grc' dir='ltr'>δὲ</span> <span class='ocrx_word' id='word_1_66' title='bbox 417 1047 478 1110; x_wconf 80' lang='grc' dir='ltr'>τοίιΙ</span> <span class='ocrx_word' id='word_1_67' title='bbox 499 1045 656 1108; x_wconf 85' lang='grc' dir='ltr'><strong><em>παλατίου</em></strong></span> <span class='ocrx_word' id='word_1_68' title='bbox 678 1043 734 1107; x_wconf 74' lang='grc' dir='ltr'><strong><em>ἐπί</em></strong></span> <span class='ocrx_word' id='word_1_69' title='bbox 753 1047 814 1107; x_wconf 75' lang='grc' dir='ltr'>τοῦ</span> <span class='ocrx_word' id='word_1_70' title='bbox 832 1040 972 1127; x_wconf 82' lang='grc' dir='ltr'><strong><em>Κυρίου,</em></strong></span> <span class='ocrx_word' id='word_1_71' title='bbox 995 1043 1105 1127; x_wconf 77' lang='grc' dir='ltr'><strong><em>φορῶν</em></strong></span> <span class='ocrx_word' id='word_1_72' title='bbox 1123 1039 1141 1106; x_wconf 81' lang='grc' dir='ltr'>ὁ</span> <span class='ocrx_word' id='word_1_73' title='bbox 1160 1046 1256 1123; x_wconf 84' lang='grc' dir='ltr'><strong><em>βασι-</em></strong></span> 
     </span>
     <span class='ocr_line' id='line_1_10' title="bbox 152 1137 1255 1230; baseline -0.004 -22"><span class='ocrx_word' id='word_1_74' title='bbox 152 1140 228 1219; x_wconf 71' lang='lat' dir='ltr'>loric</span> <span class='ocrx_word' id='word_1_75' title='bbox 248 1140 484 1230; x_wconf 73' lang='grc' dir='ltr'><strong><em>σκαραμιὶγγιον</em></strong></span> <span class='ocrx_word' id='word_1_76' title='bbox 512 1145 668 1230; x_wconf 83' lang='grc' dir='ltr'><strong><em>δίασπρον</em></strong></span> <span class='ocrx_word' id='word_1_77' title='bbox 692 1140 917 1228; x_wconf 82' lang='grc' dir='ltr'><strong><em>χρυσόκλαβον</em></strong></span> <span class='ocrx_word' id='word_1_78' title='bbox 947 1141 1004 1206; x_wconf 84' lang='grc' dir='ltr'>καί</span> <span class='ocrx_word' id='word_1_79' title='bbox 1020 1141 1173 1228; x_wconf 75' lang='grc' dir='ltr'><strong><em>στεφθείς</em></strong></span> <span class='ocrx_word' id='word_1_80' title='bbox 1192 1137 1255 1206; x_wconf 75' lang='lat' dir='ltr'>siud</span> 
     </span>
     <span class='ocr_line' id='line_1_11' title="bbox 112 1237 1259 1329; baseline -0.002 -21"><span class='ocrx_word' id='word_1_81' title='bbox 112 1245 209 1308; x_wconf 80' lang='grc' dir='ltr'>ιυτοῦ</span> <span class='ocrx_word' id='word_1_82' title='bbox 229 1245 441 1329; x_wconf 90' lang='grc' dir='ltr'><strong><em>πραιποσίτου</em></strong></span> <span class='ocrx_word' id='word_1_83' title='bbox 452 1293 463 1324; x_wconf 94' lang='grc'><strong><em>,</em></strong></span> <span class='ocrx_word' id='word_1_84' title='bbox 484 1245 650 1328; x_wconf 77' lang='grc' dir='ltr'><strong><em>ἐξέρχεται</em></strong></span> <span class='ocrx_word' id='word_1_85' title='bbox 669 1237 731 1321; x_wconf 66' lang='grc' dir='ltr'>ἔξω</span> <span class='ocrx_word' id='word_1_86' title='bbox 751 1245 809 1326; x_wconf 80' lang='grc' dir='ltr'>τῆς</span> <span class='ocrx_word' id='word_1_87' title='bbox 828 1237 931 1326; x_wconf 75' lang='grc' dir='ltr'><strong><em>πύλης</em></strong></span> <span class='ocrx_word' id='word_1_88' title='bbox 948 1243 1006 1305; x_wconf 76' lang='grc' dir='ltr'>τοῦ</span> <span class='ocrx_word' id='word_1_89' title='bbox 1025 1245 1180 1329; x_wconf 86' lang='grc' dir='ltr'><strong><em>Κυρίου,</em></strong></span> <span class='ocrx_word' id='word_1_90' title='bbox 1201 1237 1259 1306; x_wconf 83' lang='grc' dir='ltr'><strong><em>καὶ</em></strong></span> 
     </span>
     <span class='ocr_line' id='line_1_12' title="bbox 152 1338 1258 1427; baseline -0.004 -19"><span class='ocrx_word' id='word_1_91' title='bbox 152 1342 302 1426; x_wconf 76' lang='grc' dir='ltr'><strong><em>δέχονται</em></strong></span> <span class='ocrx_word' id='word_1_92' title='bbox 332 1341 430 1407; x_wconf 74' lang='grc' dir='ltr'><strong><em>αὐτὸν</em></strong></span> <span class='ocrx_word' id='word_1_93' title='bbox 457 1345 559 1408; x_wconf 76' lang='grc' dir='ltr'><strong><em>ἐκεῖσε</em></strong></span> <span class='ocrx_word' id='word_1_94' title='bbox 580 1339 743 1426; x_wconf 87' lang='grc' dir='ltr'><strong><em>πατρίκιοι</em></strong></span> <span class='ocrx_word' id='word_1_95' title='bbox 772 1342 830 1404; x_wconf 86' lang='grc' dir='ltr'>καί</span> <span class='ocrx_word' id='word_1_96' title='bbox 855 1338 1040 1425; x_wconf 77' lang='grc' dir='ltr'><strong><em>στρατηγοί.</em></strong></span> <span class='ocrx_word' id='word_1_97' title='bbox 1081 1343 1138 1405; x_wconf 88' lang='grc' dir='ltr'>καί</span> <span class='ocrx_word' id='word_1_98' title='bbox 1165 1342 1258 1427; x_wconf 78' lang='grc' dir='ltr'><strong><em>δηρι-</em></strong></span> 
     </span>
     <span class='ocr_line' id='line_1_13' title="bbox 150 1434 1258 1527; baseline -0.001 -22"><span class='ocrx_word' id='word_1_99' title='bbox 150 1438 321 1526; x_wconf 70' lang='grc' dir='ltr'><strong><em>γευόμενος</em></strong></span> <span class='ocrx_word' id='word_1_100' title='bbox 341 1440 396 1507; x_wconf 75' lang='grc' dir='ltr'><strong><em>ὑπ’</em></strong></span> <span class='ocrx_word' id='word_1_101' title='bbox 418 1434 526 1506; x_wconf 82' lang='grc' dir='ltr'><strong><em>αιἰταῖν</em></strong></span> <span class='ocrx_word' id='word_1_102' title='bbox 544 1437 692 1523; x_wconf 79' lang='grc' dir='ltr'><strong><em>πάντων,</em></strong></span> <span class='ocrx_word' id='word_1_103' title='bbox 734 1442 897 1527; x_wconf 79' lang='grc' dir='ltr'><strong><em>ἔξέρχεται</em></strong></span> <span class='ocrx_word' id='word_1_104' title='bbox 924 1443 1024 1525; x_wconf 78' lang='grc' dir='ltr'><strong><em>μέχρι</em></strong></span> <span class='ocrx_word' id='word_1_105' title='bbox 1042 1442 1100 1524; x_wconf 79' lang='grc' dir='ltr'>τῆς</span> <span class='ocrx_word' id='word_1_106' title='bbox 1118 1441 1258 1524; x_wconf 77' lang='grc' dir='ltr'><strong><em>μεγάλης</em></strong></span> 
     </span>
     <span class='ocr_line' id='line_1_14' title="bbox 150 1531 1257 1627; baseline -0.001 -22"><span class='ocrx_word' id='word_1_107' title='bbox 150 1537 253 1626; x_wconf 72' lang='grc' dir='ltr'><strong><em>πύλης</em></strong></span> <span class='ocrx_word' id='word_1_108' title='bbox 272 1545 336 1606; x_wconf 79' lang='lat' dir='ltr'>suiv</span> <span class='ocrx_word' id='word_1_109' title='bbox 356 1539 580 1623; x_wconf 84' lang='grc' dir='ltr'><strong><em>ἐκσκουβίτοιν,</em></strong></span> <span class='ocrx_word' id='word_1_110' title='bbox 603 1542 639 1605; x_wconf 78' lang='grc' dir='ltr'>ἒν</span> <span class='ocrx_word' id='word_1_111' title='bbox 658 1531 680 1627; x_wconf 81' lang='grc' dir='ltr'><strong><em>ᾖ</em></strong></span> <span class='ocrx_word' id='word_1_112' title='bbox 701 1539 758 1604; x_wconf 85' lang='grc' dir='ltr'>καί</span> <span class='ocrx_word' id='word_1_113' title='bbox 778 1539 809 1603; x_wconf 89' lang='grc' dir='ltr'>οἱ</span> <span class='ocrx_word' id='word_1_114' title='bbox 825 1543 997 1624; x_wconf 85' lang='grc' dir='ltr'><strong><em>σκρίβιονες</em></strong></span> <span class='ocrx_word' id='word_1_115' title='bbox 1012 1535 1257 1626; x_wconf 73' lang='grc' dir='ltr'><strong><em>προβάλλονται·</em></strong></span> 
     </span>
     <span class='ocr_line' id='line_1_15' title="bbox 150 1633 1391 1725; baseline 0.001 -21"><span class='ocrx_word' id='word_1_116' title='bbox 150 1637 279 1704; x_wconf 75' lang='grc' dir='ltr'><strong><em>ἱππεύει</em></strong></span> <span class='ocrx_word' id='word_1_117' title='bbox 309 1641 345 1705; x_wconf 75' lang='lat' dir='ltr'>dh</span> <span class='ocrx_word' id='word_1_118' title='bbox 375 1640 478 1705; x_wconf 71' lang='lat' dir='ltr'>durinc</span> <span class='ocrx_word' id='word_1_119' title='bbox 506 1633 524 1702; x_wconf 80' lang='grc' dir='ltr'>ὅ</span> <span class='ocrx_word' id='word_1_120' title='bbox 553 1637 709 1722; x_wconf 77' lang='grc' dir='ltr'><strong><em>βασιλευς</em></strong></span> <span class='ocrx_word' id='word_1_121' title='bbox 738 1641 794 1725; x_wconf 78' lang='grc' dir='ltr'>ἐφ’</span> <span class='ocrx_word' id='word_1_122' title='bbox 822 1641 925 1703; x_wconf 76' lang='grc' dir='ltr'><strong><em>ἵππου</em></strong></span> <span class='ocrx_word' id='word_1_123' title='bbox 956 1639 1157 1724; x_wconf 70' lang='grc' dir='ltr'><strong><em>ἐστρωμένον</em></strong></span> <span class='ocrx_word' id='word_1_124' title='bbox 1191 1636 1391 1708; x_wconf 63' lang='lat' dir='ltr'>inimcos</span> 
     </span>
     <span class='ocr_line' id='line_1_16' title="bbox 109 1731 1256 1825; baseline -0.004 -19"><span class='ocrx_word' id='word_1_125' title='bbox 109 1741 358 1822; x_wconf 71' lang='grc' dir='ltr'>ιόσελοχαλίνου</span> <span class='ocrx_word' id='word_1_126' title='bbox 383 1741 512 1824; x_wconf 75' lang='grc' dir='ltr'><strong><em>χρυσοῦ</em></strong></span> <span class='ocrx_word' id='word_1_127' title='bbox 546 1740 698 1803; x_wconf 67' lang='lat' dir='ltr'>taetrior</span> <span class='ocrx_word' id='word_1_128' title='bbox 724 1740 921 1821; x_wconf 78' lang='grc' dir='ltr'><strong><em>χειμευτοῦ,</em></strong></span> <span class='ocrx_word' id='word_1_129' title='bbox 942 1736 1162 1825; x_wconf 71' lang='grc' dir='ltr'><strong><em>ἠμφιεσμένον</em></strong></span> <span class='ocrx_word' id='word_1_130' title='bbox 1191 1731 1256 1802; x_wconf 64' lang='lat' dir='ltr'>sirco*</span> 
     </span>
     <span class='ocr_line' id='line_1_17' title="bbox 148 1835 1288 1925; baseline 0 -23"><span class='ocrx_word' id='word_1_131' title='bbox 148 1835 341 1925; x_wconf 80' lang='grc' dir='ltr'><strong><em>μαργάρων·</em></strong></span> <span class='ocrx_word' id='word_1_132' title='bbox 384 1839 419 1902; x_wconf 76' lang='grc' dir='ltr'>ἐν</span> <span class='ocrx_word' id='word_1_133' title='bbox 441 1839 477 1902; x_wconf 75' lang='lat' dir='ltr'>di</span> <span class='ocrx_word' id='word_1_134' title='bbox 503 1843 569 1915; x_wconf 77' lang='grc' dir='ltr'><strong><em>τοῖς</em></strong></span> <span class='ocrx_word' id='word_1_135' title='bbox 597 1840 752 1925; x_wconf 76' lang='grc' dir='ltr'><strong><em>τέσσαρσι</em></strong></span> <span class='ocrx_word' id='word_1_136' title='bbox 782 1839 860 1902; x_wconf 83' lang='grc' dir='ltr'><strong><em>ποσὶ</em></strong></span> <span class='ocrx_word' id='word_1_137' title='bbox 884 1839 943 1901; x_wconf 77' lang='grc' dir='ltr'>τοῦ</span> <span class='ocrx_word' id='word_1_138' title='bbox 964 1837 1064 1903; x_wconf 75' lang='grc' dir='ltr'><strong><em>αὐτοῦ</em></strong></span> <span class='ocrx_word' id='word_1_139' title='bbox 1085 1839 1184 1902; x_wconf 73' lang='grc' dir='ltr'><strong><em>ἵππου</em></strong></span> <span class='ocrx_word' id='word_1_140' title='bbox 1204 1836 1288 1908; x_wconf 60' lang='lat' dir='ltr'>nuic</span> 
     </span>
     <span class='ocr_line' id='line_1_18' title="bbox 149 1934 1255 2027; baseline -0.001 -23"><span class='ocrx_word' id='word_1_141' title='bbox 149 1942 191 2027; x_wconf 78' lang='grc' dir='ltr'>τῇ</span> <span class='ocrx_word' id='word_1_142' title='bbox 211 1940 291 2026; x_wconf 75' lang='grc' dir='ltr'>οὕρᾷ</span> <span class='ocrx_word' id='word_1_143' title='bbox 311 1934 463 2023; x_wconf 79' lang='grc' dir='ltr'><strong><em>πράνδιοι</em></strong></span> <span class='ocrx_word' id='word_1_144' title='bbox 482 1939 616 2002; x_wconf 81' lang='grc' dir='ltr'><strong><em>πέτασοι</em></strong></span> <span class='ocrx_word' id='word_1_145' title='bbox 647 1937 907 2024; x_wconf 80' lang='grc' dir='ltr'><strong><em>οἷποκρέμανται,</em></strong></span> <span class='ocrx_word' id='word_1_146' title='bbox 943 1934 1001 2001; x_wconf 84' lang='grc' dir='ltr'>καί</span> <span class='ocrx_word' id='word_1_147' title='bbox 1019 1939 1180 2021; x_wconf 80' lang='grc' dir='ltr'><strong><em>διέρχεται</em></strong></span> <span class='ocrx_word' id='word_1_148' title='bbox 1199 1934 1255 2003; x_wconf 78' lang='grc' dir='ltr'>δαὶ</span> 
     </span>
     <span class='ocr_line' id='line_1_19' title="bbox 149 2035 1257 2122; baseline 0 -20"><span class='ocrx_word' id='word_1_149' title='bbox 149 2041 215 2104; x_wconf 70' lang='grc' dir='ltr'><strong><em>ταῖν</em></strong></span> <span class='ocrx_word' id='word_1_150' title='bbox 235 2038 389 2122; x_wconf 88' lang='grc' dir='ltr'><strong><em>κορτίνοον</em></strong></span> <span class='ocrx_word' id='word_1_151' title='bbox 407 2037 465 2102; x_wconf 87' lang='grc' dir='ltr'><strong><em>καὶ</em></strong></span> <span class='ocrx_word' id='word_1_152' title='bbox 488 2039 546 2121; x_wconf 79' lang='grc' dir='ltr'>τῆς</span> <span class='ocrx_word' id='word_1_153' title='bbox 564 2039 705 2120; x_wconf 80' lang='grc' dir='ltr'>χαλκῆς.</span> <span class='ocrx_word' id='word_1_154' title='bbox 748 2035 779 2099; x_wconf 89' lang='grc' dir='ltr'>οἱ</span> <span class='ocrx_word' id='word_1_155' title='bbox 801 2037 837 2101; x_wconf 78' lang='grc' dir='ltr'>δὲ</span> <span class='ocrx_word' id='word_1_156' title='bbox 860 2035 1024 2122; x_wconf 74' lang='grc' dir='ltr'><strong><em>πατρίκιοι</em></strong></span> <span class='ocrx_word' id='word_1_157' title='bbox 1043 2038 1099 2099; x_wconf 86' lang='grc' dir='ltr'>καί</span> <span class='ocrx_word' id='word_1_158' title='bbox 1117 2060 1257 2122; x_wconf 87' lang='grc' dir='ltr'><strong><em>στρατη-</em></strong></span> 
     </span>
     <span class='ocr_line' id='line_1_20' title="bbox 149 2129 1258 2224; baseline -0.002 -22"><span class='ocrx_word' id='word_1_159' title='bbox 149 2135 203 2220; x_wconf 75' lang='grc' dir='ltr'>γοί</span> <span class='ocrx_word' id='word_1_160' title='bbox 220 2135 278 2204; x_wconf 86' lang='grc' dir='ltr'>καί</span> <span class='ocrx_word' id='word_1_161' title='bbox 297 2129 451 2224; x_wconf 72' lang='grc' dir='ltr'><strong><em>ἄρχοντες</em></strong></span> <span class='ocrx_word' id='word_1_162' title='bbox 471 2137 532 2200; x_wconf 81' lang='grc' dir='ltr'>τοῦ</span> <span class='ocrx_word' id='word_1_163' title='bbox 559 2136 786 2217; x_wconf 88' lang='grc' dir='ltr'><strong><em>κουβουκλείου</em></strong></span> <span class='ocrx_word' id='word_1_164' title='bbox 815 2132 895 2215; x_wconf 79' lang='grc' dir='ltr'><strong><em>μετὰ</em></strong></span> <span class='ocrx_word' id='word_1_165' title='bbox 923 2132 1026 2219; x_wconf 71' lang='grc' dir='ltr'><strong><em>πάσης</em></strong></span> <span class='ocrx_word' id='word_1_166' title='bbox 1045 2137 1101 2219; x_wconf 78' lang='grc' dir='ltr'>τῆς</span> <span class='ocrx_word' id='word_1_167' title='bbox 1122 2134 1258 2220; x_wconf 41' lang='grc' dir='ltr'><strong><em>συγκλὴή</em></strong></span> 
     </span>
     <span class='ocr_line' id='line_1_21' title="bbox 106 2227 1257 2324; baseline -0.002 -20"><span class='ocrx_word' id='word_1_168' title='bbox 106 2259 218 2320; x_wconf 67' lang='lat' dir='ltr'>soron,</span> <span class='ocrx_word' id='word_1_169' title='bbox 240 2238 416 2324; x_wconf 79' lang='grc' dir='ltr'><strong><em>φοροῦντες</em></strong></span> <span class='ocrx_word' id='word_1_170' title='bbox 436 2237 534 2318; x_wconf 78' lang='grc' dir='ltr'><strong><em>σαγία</em></strong></span> <span class='ocrx_word' id='word_1_171' title='bbox 556 2227 708 2318; x_wconf 70' lang='grc' dir='ltr'><strong><em>ἀληθινοὶ,</em></strong></span> <span class='ocrx_word' id='word_1_172' title='bbox 730 2230 922 2298; x_wconf 72' lang='grc' dir='ltr'><strong><em>ἱππεύουσιν</em></strong></span> <span class='ocrx_word' id='word_1_173' title='bbox 942 2230 1082 2324; x_wconf 28' lang='grc' dir='ltr'><strong><em>ἐξαιτῶν</em></strong></span> <span class='ocrx_word' id='word_1_174' title='bbox 1095 2239 1257 2322; x_wconf 74' lang='grc' dir='ltr'><strong><em>κορτιλυνν,</em></strong></span> 
     </span>
     <span class='ocr_line' id='line_1_22' title="bbox 147 2327 1258 2422; baseline -0.001 -22"><span class='ocrx_word' id='word_1_175' title='bbox 147 2334 206 2400; x_wconf 86' lang='grc' dir='ltr'>καί</span> <span class='ocrx_word' id='word_1_176' title='bbox 225 2327 315 2400; x_wconf 74' lang='grc' dir='ltr'><strong><em>οὗτοι</em></strong></span> <span class='ocrx_word' id='word_1_177' title='bbox 335 2338 396 2419; x_wconf 83' lang='grc' dir='ltr'>μὲν</span> <span class='ocrx_word' id='word_1_178' title='bbox 417 2338 469 2422; x_wconf 77' lang='grc' dir='ltr'>ἐφ’</span> <span class='ocrx_word' id='word_1_179' title='bbox 490 2335 596 2398; x_wconf 74' lang='grc' dir='ltr'><strong><em>ἳππων</em></strong></span> <span class='ocrx_word' id='word_1_180' title='bbox 616 2331 838 2420; x_wconf 76' lang='grc' dir='ltr'><strong><em>δηριγεὸοντες</em></strong></span> <span class='ocrx_word' id='word_1_181' title='bbox 869 2331 927 2398; x_wconf 78' lang='grc' dir='ltr'>τὸν</span> <span class='ocrx_word' id='word_1_182' title='bbox 947 2338 1084 2417; x_wconf 75' lang='grc' dir='ltr'><strong><em>βασιλέα</em></strong></span> <span class='ocrx_word' id='word_1_183' title='bbox 1103 2333 1183 2419; x_wconf 73' lang='grc' dir='ltr'><strong><em>μετὰ</em></strong></span> <span class='ocrx_word' id='word_1_184' title='bbox 1205 2359 1258 2401; x_wconf 90' lang='grc' dir='ltr'>σι-</span> 
     </span>
     <span class='ocr_line' id='line_1_23' title="bbox 146 2431 1257 2523; baseline 0.002 -22"><span class='ocrx_word' id='word_1_185' title='bbox 146 2436 337 2523; x_wconf 87' lang='grc' dir='ltr'><strong><em>λεντιαρίων</em></strong></span> <span class='ocrx_word' id='word_1_186' title='bbox 358 2432 415 2499; x_wconf 84' lang='grc' dir='ltr'>καί</span> <span class='ocrx_word' id='word_1_187' title='bbox 434 2436 498 2501; x_wconf 81' lang='lat' dir='ltr'>sinti</span> <span class='ocrx_word' id='word_1_188' title='bbox 521 2431 676 2520; x_wconf 70' lang='grc' dir='ltr'><strong><em>ἐπάρχων</em></strong></span> <span class='ocrx_word' id='word_1_189' title='bbox 696 2432 754 2497; x_wconf 85' lang='grc' dir='ltr'>καί</span> <span class='ocrx_word' id='word_1_190' title='bbox 771 2436 829 2499; x_wconf 78' lang='grc' dir='ltr'>τοῦ</span> <span class='ocrx_word' id='word_1_191' title='bbox 849 2435 907 2518; x_wconf 80' lang='grc' dir='ltr'>τῆς</span> <span class='ocrx_word' id='word_1_192' title='bbox 926 2434 1146 2511; x_wconf 73' lang='grc' dir='ltr'><strong><em>καταπόσεως</em></strong></span> <span class='ocrx_word' id='word_1_193' title='bbox 1168 2439 1257 2523; x_wconf 81' lang='grc' dir='ltr'><strong><em>διερ-</em></strong></span> 
     </span>
     <span class='ocr_line' id='line_1_24' title="bbox 143 2529 1256 2621; baseline 0.003 -25"><span class='ocrx_word' id='word_1_194' title='bbox 143 2536 286 2618; x_wconf 77' lang='grc' dir='ltr'><strong><em>χομένου</em></strong></span> <span class='ocrx_word' id='word_1_195' title='bbox 307 2536 341 2599; x_wconf 77' lang='grc' dir='ltr'>ἐν</span> <span class='ocrx_word' id='word_1_196' title='bbox 362 2536 408 2621; x_wconf 77' lang='grc' dir='ltr'>τῷ</span> <span class='ocrx_word' id='word_1_197' title='bbox 426 2536 516 2621; x_wconf 78' lang='grc' dir='ltr'><strong><em>με’σιρ</em></strong></span> <span class='ocrx_word' id='word_1_198' title='bbox 537 2531 594 2596; x_wconf 84' lang='grc' dir='ltr'>καί</span> <span class='ocrx_word' id='word_1_199' title='bbox 614 2529 766 2608; x_wconf 73' lang='grc' dir='ltr'><strong><em>ἱστῶντος</em></strong></span> <span class='ocrx_word' id='word_1_200' title='bbox 784 2530 842 2616; x_wconf 77' lang='grc' dir='ltr'>τὴν</span> <span class='ocrx_word' id='word_1_201' title='bbox 863 2536 1069 2618; x_wconf 74' lang='grc' dir='ltr'><strong><em>προέλευσιν,</em></strong></span> <span class='ocrx_word' id='word_1_202' title='bbox 1091 2532 1121 2598; x_wconf 89' lang='grc' dir='ltr'>οἱ</span> <span class='ocrx_word' id='word_1_203' title='bbox 1143 2537 1178 2600; x_wconf 79' lang='grc' dir='ltr'>δὲ</span> <span class='ocrx_word' id='word_1_204' title='bbox 1198 2560 1256 2599; x_wconf 83' lang='grc' dir='ltr'><strong><em>πε-</em></strong></span> 
     </span>
     <span class='ocr_line' id='line_1_25' title="bbox 145 2625 1255 2722; baseline 0.002 -25"><span class='ocrx_word' id='word_1_205' title='bbox 145 2630 198 2714; x_wconf 80' lang='grc' dir='ltr'>ζοί</span> <span class='ocrx_word' id='word_1_206' title='bbox 211 2631 248 2698; x_wconf 86' lang='grc' dir='ltr'>,οἱ</span> <span class='ocrx_word' id='word_1_207' title='bbox 267 2629 487 2719; x_wconf 74' lang='grc' dir='ltr'><strong><em>δηριγειλοντες</em></strong></span> <span class='ocrx_word' id='word_1_208' title='bbox 505 2630 561 2697; x_wconf 82' lang='grc' dir='ltr'>τὸν</span> <span class='ocrx_word' id='word_1_209' title='bbox 585 2634 724 2715; x_wconf 73' lang='grc' dir='ltr'><strong><em>βασιλέα</em></strong></span> <span class='ocrx_word' id='word_1_210' title='bbox 745 2631 827 2697; x_wconf 85' lang='grc' dir='ltr'><strong><em>εἰσίν</em></strong></span> <span class='ocrx_word' id='word_1_211' title='bbox 847 2625 953 2697; x_wconf 77' lang='grc' dir='ltr'><strong><em>οὗτοι·</em></strong></span> <span class='ocrx_word' id='word_1_212' title='bbox 995 2630 1175 2722; x_wconf 76' lang='grc' dir='ltr'><strong><em>σπαθιίριοι</em></strong></span> <span class='ocrx_word' id='word_1_213' title='bbox 1193 2640 1255 2717; x_wconf 87' lang='grc' dir='ltr'>βα-</span> 
     </span>
     <span class='ocr_line' id='line_1_26' title="bbox 100 2726 1313 2827; baseline 0.005 -29"><span class='ocrx_word' id='word_1_214' title='bbox 100 2730 311 2814; x_wconf 71' lang='grc' dir='ltr'><strong><em>ι5στοὶζοντες</em></strong></span> <span class='ocrx_word' id='word_1_215' title='bbox 331 2726 520 2818; x_wconf 78' lang='grc' dir='ltr'><strong><em>ιλιστροὶλια,</em></strong></span> <span class='ocrx_word' id='word_1_216' title='bbox 556 2734 728 2821; x_wconf 76' lang='grc' dir='ltr'><strong><em>φοροῦντες</em></strong></span> <span class='ocrx_word' id='word_1_217' title='bbox 762 2733 820 2796; x_wconf 82' lang='grc' dir='ltr'><strong><em>καί</em></strong></span> <span class='ocrx_word' id='word_1_218' title='bbox 851 2732 890 2797; x_wconf 82' lang='grc' dir='ltr'>τοὶ</span> <span class='ocrx_word' id='word_1_219' title='bbox 932 2728 1106 2827; x_wconf 84' lang='grc' dir='ltr'><strong><em>σκουτάρια</em></strong></span> <span class='ocrx_word' id='word_1_220' title='bbox 1133 2732 1252 2818; x_wconf 72' lang='grc' dir='ltr'><strong><em>αὑτοῖν,</em></strong></span> <span class='ocrx_word' id='word_1_221' title='bbox 1310 2797 1313 2804; x_wconf 86' lang='grc'><strong>.</strong></span> 
     </span>
     <span class='ocr_line' id='line_1_27' title="bbox 143 2828 1252 2921; baseline -0.001 -23"><span class='ocrx_word' id='word_1_222' title='bbox 143 2828 331 2899; x_wconf 81' lang='grc' dir='ltr'><strong><em>κανὸιδιὶτοι</em></strong></span> <span class='ocrx_word' id='word_1_223' title='bbox 355 2828 570 2915; x_wconf 82' lang='grc' dir='ltr'><strong><em>βαστάζοντες</em></strong></span> <span class='ocrx_word' id='word_1_224' title='bbox 600 2829 740 2917; x_wconf 76' lang='grc' dir='ltr'><strong><em>ὁμοίως,</em></strong></span> <span class='ocrx_word' id='word_1_225' title='bbox 775 2832 949 2917; x_wconf 85' lang='grc' dir='ltr'><strong><em>σκρίβιονες</em></strong></span> <span class='ocrx_word' id='word_1_226' title='bbox 971 2834 1028 2896; x_wconf 85' lang='grc' dir='ltr'>καί</span> <span class='ocrx_word' id='word_1_227' title='bbox 1051 2830 1252 2921; x_wconf 80' lang='grc' dir='ltr'><strong><em>μανδοὶτορες</em></strong></span> 
     </span>
    </p>
   </div>
   <div class='ocr_carea' id='block_1_3' title="bbox 215 2966 596 3039">
    <p class='ocr_par' dir='ltr' id='par_1_3' title="bbox 215 2966 596 3039">
     <span class='ocr_line' id='line_1_28' title="bbox 215 2966 596 3039; baseline -0.01 -17"><span class='ocrx_word' id='word_1_228' title='bbox 215 2986 239 3022; x_wconf 81' lang='grc' dir='ltr'>υ.</span> <span class='ocrx_word' id='word_1_229' title='bbox 257 2974 286 3021; x_wconf 88' lang='lat' dir='ltr'>et</span> <span class='ocrx_word' id='word_1_230' title='bbox 308 2968 331 3021; x_wconf 83' lang='grc'>3.</span> <span class='ocrx_word' id='word_1_231' title='bbox 350 2966 536 3039; x_wconf 75' lang='grc' dir='ltr'><strong><em>οἱσπαθιλριαι</em></strong></span> <span class='ocrx_word' id='word_1_232' title='bbox 553 2966 596 3021; x_wconf 89' lang='lat' dir='ltr'>cd.</span> 
     </span>
    </p>
   </div>
   <div class='ocr_carea' id='block_1_4' title="bbox 143 3086 1324 4155">
    <p class='ocr_par' dir='ltr' id='par_1_4' title="bbox 143 3086 1324 4155">
     <span class='ocr_line' id='line_1_29' title="bbox 143 3086 1254 3164; baseline 0.006 -24"><span class='ocrx_word' id='word_1_233' title='bbox 143 3088 295 3158; x_wconf 77' lang='lat' dir='ltr'>primicerii</span> <span class='ocrx_word' id='word_1_234' title='bbox 314 3104 375 3158; x_wconf 75' lang='lat' dir='ltr'>sagn</span> <span class='ocrx_word' id='word_1_235' title='bbox 386 3105 534 3159; x_wconf 83' lang='lat' dir='ltr'>purpurea,</span> <span class='ocrx_word' id='word_1_236' title='bbox 547 3086 668 3143; x_wconf 85' lang='lat' dir='ltr'>eunuchi</span> <span class='ocrx_word' id='word_1_237' title='bbox 683 3088 901 3159; x_wconf 72' lang='lat' dir='ltr'>protospatharii</span> <span class='ocrx_word' id='word_1_238' title='bbox 915 3104 1004 3161; x_wconf 84' lang='lat' dir='ltr'>aeque</span> <span class='ocrx_word' id='word_1_239' title='bbox 1017 3108 1049 3145; x_wconf 91' lang='lat' dir='ltr'>ac</span> <span class='ocrx_word' id='word_1_240' title='bbox 1059 3091 1167 3147; x_wconf 87' lang='lat' dir='ltr'>barbati</span> <span class='ocrx_word' id='word_1_241' title='bbox 1182 3110 1254 3164; x_wconf 84' lang='lat' dir='ltr'>pro·</span> 
     </span>
     <span class='ocr_line' id='line_1_30' title="bbox 144 3156 1253 3235; baseline 0.005 -24"><span class='ocrx_word' id='word_1_242' title='bbox 144 3160 319 3229; x_wconf 81' lang='lat' dir='ltr'>torpatharii,</span> <span class='ocrx_word' id='word_1_243' title='bbox 337 3160 632 3229; x_wconf 83' lang='lat' dir='ltr'>spatharocubicolarii</span> <span class='ocrx_word' id='word_1_244' title='bbox 650 3168 679 3211; x_wconf 91' lang='lat' dir='ltr'>et</span> <span class='ocrx_word' id='word_1_245' title='bbox 698 3156 863 3213; x_wconf 83' lang='lat' dir='ltr'>cubicularii</span> <span class='ocrx_word' id='word_1_246' title='bbox 884 3162 1130 3233; x_wconf 82' lang='lat' dir='ltr'>acamisiisspccia</span> <span class='ocrx_word' id='word_1_247' title='bbox 1144 3182 1253 3235; x_wconf 85' lang='lat' dir='ltr'>purpu-</span> 
     </span>
     <span class='ocr_line' id='line_1_31' title="bbox 144 3230 1251 3300; baseline 0.008 -20"><span class='ocrx_word' id='word_1_248' title='bbox 144 3246 201 3293; x_wconf 81' lang='lat' dir='ltr'>rea,</span> <span class='ocrx_word' id='word_1_249' title='bbox 219 3230 516 3299; x_wconf 83' lang='lat' dir='ltr'>spatharocubicularii</span> <span class='ocrx_word' id='word_1_250' title='bbox 527 3233 610 3283; x_wconf 81' lang='lat' dir='ltr'>etiam</span> <span class='ocrx_word' id='word_1_251' title='bbox 622 3230 758 3283; x_wconf 76' lang='lat' dir='ltr'>dextralia</span> <span class='ocrx_word' id='word_1_252' title='bbox 777 3248 836 3295; x_wconf 85' lang='lat' dir='ltr'>sua,</span> <span class='ocrx_word' id='word_1_253' title='bbox 855 3232 995 3285; x_wconf 86' lang='lat' dir='ltr'>candidati</span> <span class='ocrx_word' id='word_1_254' title='bbox 1011 3249 1087 3300; x_wconf 74' lang='lat' dir='ltr'>cero,</span> <span class='ocrx_word' id='word_1_255' title='bbox 1104 3235 1251 3289; x_wconf 84' lang='lat' dir='ltr'>mandato-</span> 
     </span>
     <span class='ocr_line' id='line_1_32' title="bbox 144 3300 1251 3377; baseline 0.005 -24"><span class='ocrx_word' id='word_1_256' title='bbox 144 3316 187 3353; x_wconf 85' lang='lat' dir='ltr'>res</span> <span class='ocrx_word' id='word_1_257' title='bbox 208 3310 236 3353; x_wconf 86' lang='lat' dir='ltr'>et</span> <span class='ocrx_word' id='word_1_258' title='bbox 254 3300 398 3354; x_wconf 71' lang='lat' dir='ltr'>scribones</span> <span class='ocrx_word' id='word_1_259' title='bbox 417 3304 501 3355; x_wconf 89' lang='lat' dir='ltr'>stolas</span> <span class='ocrx_word' id='word_1_260' title='bbox 520 3320 582 3353; x_wconf 83' lang='lat' dir='ltr'>suas</span> <span class='ocrx_word' id='word_1_261' title='bbox 601 3317 651 3370; x_wconf 92' lang='lat' dir='ltr'>pro</span> <span class='ocrx_word' id='word_1_262' title='bbox 669 3316 745 3353; x_wconf 86' lang='lat' dir='ltr'>more</span> <span class='ocrx_word' id='word_1_263' title='bbox 764 3311 879 3369; x_wconf 76' lang='lat' dir='ltr'>gestant</span> <span class='ocrx_word' id='word_1_264' title='bbox 917 3307 1020 3374; x_wconf 83' lang='lat' dir='ltr'>Aperte</span> <span class='ocrx_word' id='word_1_265' title='bbox 1037 3308 1154 3376; x_wconf 85' lang='lat' dir='ltr'>palatio,</span> <span class='ocrx_word' id='word_1_266' title='bbox 1171 3306 1251 3377; x_wconf 85' lang='lat' dir='ltr'>quud</span> 
     </span>
     <span class='ocr_line' id='line_1_33' title="bbox 144 3370 1252 3443; baseline 0.005 -20"><span class='ocrx_word' id='word_1_267' title='bbox 144 3370 249 3441; x_wconf 88' lang='lat' dir='ltr'>templo</span> <span class='ocrx_word' id='word_1_268' title='bbox 272 3372 327 3424; x_wconf 88' lang='lat' dir='ltr'>Dei</span> <span class='ocrx_word' id='word_1_269' title='bbox 345 3374 503 3441; x_wconf 72' lang='lat' dir='ltr'>prozimum</span> <span class='ocrx_word' id='word_1_270' title='bbox 521 3380 578 3434; x_wconf 83' lang='lat' dir='ltr'>cst,</span> <span class='ocrx_word' id='word_1_271' title='bbox 598 3373 749 3442; x_wconf 84' lang='lat' dir='ltr'>Imperator</span> <span class='ocrx_word' id='word_1_272' title='bbox 767 3376 952 3443; x_wconf 77' lang='lat' dir='ltr'>scaramangio</span> <span class='ocrx_word' id='word_1_273' title='bbox 972 3376 1037 3428; x_wconf 84' lang='lat' dir='ltr'>albo</span> <span class='ocrx_word' id='word_1_274' title='bbox 1056 3378 1148 3430; x_wconf 83' lang='lat' dir='ltr'>aurcis</span> <span class='ocrx_word' id='word_1_275' title='bbox 1166 3376 1252 3429; x_wconf 82' lang='lat' dir='ltr'>clavis</span> 
     </span>
     <span class='ocr_line' id='line_1_34' title="bbox 143 3445 1251 3515; baseline 0.004 -20"><span class='ocrx_word' id='word_1_276' title='bbox 143 3450 240 3495; x_wconf 86' lang='lat' dir='ltr'>ornato</span> <span class='ocrx_word' id='word_1_277' title='bbox 260 3448 289 3494; x_wconf 88' lang='lat' dir='ltr'>et</span> <span class='ocrx_word' id='word_1_278' title='bbox 306 3446 491 3513; x_wconf 85' lang='lat' dir='ltr'>apraeposito</span> <span class='ocrx_word' id='word_1_279' title='bbox 505 3452 661 3505; x_wconf 81' lang='lat' dir='ltr'>coronatus,</span> <span class='ocrx_word' id='word_1_280' title='bbox 681 3452 786 3513; x_wconf 85' lang='lat' dir='ltr'>oporta</span> <span class='ocrx_word' id='word_1_281' title='bbox 805 3447 864 3497; x_wconf 83' lang='lat' dir='ltr'>eius</span> <span class='ocrx_word' id='word_1_282' title='bbox 884 3445 1033 3514; x_wconf 78' lang='lat' dir='ltr'>egicditur,</span> <span class='ocrx_word' id='word_1_283' title='bbox 1052 3448 1101 3501; x_wconf 87' lang='lat' dir='ltr'>ubi</span> <span class='ocrx_word' id='word_1_284' title='bbox 1120 3463 1183 3501; x_wconf 81' lang='lat' dir='ltr'>cum</span> <span class='ocrx_word' id='word_1_285' title='bbox 1196 3464 1251 3515; x_wconf 87' lang='lat' dir='ltr'>pa-</span> 
     </span>
     <span class='ocr_line' id='line_1_35' title="bbox 144 3514 1251 3588; baseline 0.007 -25"><span class='ocrx_word' id='word_1_286' title='bbox 144 3514 220 3565; x_wconf 88' lang='lat' dir='ltr'>tricii</span> <span class='ocrx_word' id='word_1_287' title='bbox 238 3519 269 3565; x_wconf 85' lang='lat' dir='ltr'>et</span> <span class='ocrx_word' id='word_1_288' title='bbox 288 3515 399 3583; x_wconf 80' lang='lat' dir='ltr'>strategi</span> <span class='ocrx_word' id='word_1_289' title='bbox 421 3514 572 3583; x_wconf 83' lang='lat' dir='ltr'>excipiunt.</span> <span class='ocrx_word' id='word_1_290' title='bbox 608 3514 631 3565; x_wconf 81' lang='grc' dir='ltr'><strong>Α</strong></span> <span class='ocrx_word' id='word_1_291' title='bbox 652 3514 754 3583; x_wconf 89' lang='lat' dir='ltr'>quibus</span> <span class='ocrx_word' id='word_1_292' title='bbox 773 3516 902 3568; x_wconf 88' lang='lat' dir='ltr'>omnibus</span> <span class='ocrx_word' id='word_1_293' title='bbox 923 3517 1052 3587; x_wconf 88' lang='lat' dir='ltr'>stipatus,</span> <span class='ocrx_word' id='word_1_294' title='bbox 1071 3519 1107 3571; x_wconf 85' lang='lat' dir='ltr'>ad</span> <span class='ocrx_word' id='word_1_295' title='bbox 1124 3533 1251 3588; x_wconf 79' lang='lat' dir='ltr'>magnam</span> 
     </span>
     <span class='ocr_line' id='line_1_36' title="bbox 145 3584 1324 3659; baseline 0.006 -24"><span class='ocrx_word' id='word_1_296' title='bbox 145 3592 253 3652; x_wconf 80' lang='lat' dir='ltr'>portam</span> <span class='ocrx_word' id='word_1_297' title='bbox 272 3584 480 3648; x_wconf 80' lang='lat' dir='ltr'>excubitorum,</span> <span class='ocrx_word' id='word_1_298' title='bbox 506 3584 556 3637; x_wconf 92' lang='lat' dir='ltr'>ubi</span> <span class='ocrx_word' id='word_1_299' title='bbox 575 3584 715 3637; x_wconf 73' lang='lat' dir='ltr'>scribones</span> <span class='ocrx_word' id='word_1_300' title='bbox 734 3596 946 3654; x_wconf 77' lang='lat' dir='ltr'>promoventur,</span> <span class='ocrx_word' id='word_1_301' title='bbox 970 3589 1111 3657; x_wconf 89' lang='lat' dir='ltr'>procedit,</span> <span class='ocrx_word' id='word_1_302' title='bbox 1131 3596 1160 3641; x_wconf 87' lang='lat' dir='ltr'>et</span> <span class='ocrx_word' id='word_1_303' title='bbox 1176 3605 1252 3659; x_wconf 85' lang='lat' dir='ltr'>equo</span> <span class='ocrx_word' id='word_1_304' title='bbox 1321 3586 1324 3589; x_wconf 71' lang='grc'>’</span> 
     </span>
     <span class='ocr_line' id='line_1_37' title="bbox 147 3653 1251 3732; baseline 0.009 -29"><span class='ocrx_word' id='word_1_305' title='bbox 147 3653 280 3723; x_wconf 82' lang='lat' dir='ltr'>ephippio</span> <span class='ocrx_word' id='word_1_306' title='bbox 302 3672 387 3707; x_wconf 84' lang='lat' dir='ltr'>aureo</span> <span class='ocrx_word' id='word_1_307' title='bbox 405 3656 547 3725; x_wconf 83' lang='lat' dir='ltr'>lapidibus</span> <span class='ocrx_word' id='word_1_308' title='bbox 566 3663 595 3708; x_wconf 90' lang='lat' dir='ltr'>ct</span> <span class='ocrx_word' id='word_1_309' title='bbox 613 3654 767 3708; x_wconf 83' lang='lat' dir='ltr'>unionibus</span> <span class='ocrx_word' id='word_1_310' title='bbox 788 3666 898 3720; x_wconf 81' lang='lat' dir='ltr'>ornato,</span> <span class='ocrx_word' id='word_1_311' title='bbox 915 3659 945 3709; x_wconf 90' lang='lat' dir='ltr'>in</span> <span class='ocrx_word' id='word_1_312' title='bbox 964 3660 1043 3713; x_wconf 87' lang='lat' dir='ltr'>coins</span> <span class='ocrx_word' id='word_1_313' title='bbox 1061 3667 1182 3732; x_wconf 77' lang='lat' dir='ltr'>quatuor</span> <span class='ocrx_word' id='word_1_314' title='bbox 1199 3678 1251 3729; x_wconf 85' lang='lat' dir='ltr'>pe-</span> 
     </span>
     <span class='ocr_line' id='line_1_38' title="bbox 146 3721 1251 3801; baseline 0.007 -26"><span class='ocrx_word' id='word_1_315' title='bbox 146 3721 227 3776; x_wconf 84' lang='lat' dir='ltr'>dibus</span> <span class='ocrx_word' id='word_1_316' title='bbox 247 3734 277 3777; x_wconf 88' lang='lat' dir='ltr'>et</span> <span class='ocrx_word' id='word_1_317' title='bbox 294 3724 380 3777; x_wconf 88' lang='lat' dir='ltr'>canda</span> <span class='ocrx_word' id='word_1_318' title='bbox 399 3728 508 3780; x_wconf 80' lang='lat' dir='ltr'>taeniae</span> <span class='ocrx_word' id='word_1_319' title='bbox 534 3744 582 3779; x_wconf 85' lang='lat' dir='ltr'>scu</span> <span class='ocrx_word' id='word_1_320' title='bbox 608 3722 729 3779; x_wconf 83' lang='lat' dir='ltr'>brandea</span> <span class='ocrx_word' id='word_1_321' title='bbox 748 3728 889 3797; x_wconf 89' lang='lat' dir='ltr'>pendcnt,</span> <span class='ocrx_word' id='word_1_322' title='bbox 913 3738 1021 3791; x_wconf 78' lang='lat' dir='ltr'>vnctus,</span> <span class='ocrx_word' id='word_1_323' title='bbox 1044 3748 1095 3801; x_wconf 87' lang='lat' dir='ltr'>pcr</span> <span class='ocrx_word' id='word_1_324' title='bbox 1114 3732 1251 3785; x_wconf 85' lang='lat' dir='ltr'>cortinam</span> 
     </span>
     <span class='ocr_line' id='line_1_39' title="bbox 147 3794 1250 3870; baseline 0.005 -23"><span class='ocrx_word' id='word_1_325' title='bbox 147 3802 176 3847; x_wconf 86' lang='lat' dir='ltr'>ct</span> <span class='ocrx_word' id='word_1_326' title='bbox 192 3794 307 3847; x_wconf 81' lang='lat' dir='ltr'>chalcen</span> <span class='ocrx_word' id='word_1_327' title='bbox 325 3796 432 3860; x_wconf 75' lang='lat' dir='ltr'>transit</span> <span class='ocrx_word' id='word_1_328' title='bbox 470 3797 598 3861; x_wconf 86' lang='lat' dir='ltr'>Patricii,</span> <span class='ocrx_word' id='word_1_329' title='bbox 622 3799 735 3865; x_wconf 74' lang='lat' dir='ltr'>strategi</span> <span class='ocrx_word' id='word_1_330' title='bbox 753 3806 782 3851; x_wconf 86' lang='lat' dir='ltr'>ct</span> <span class='ocrx_word' id='word_1_331' title='bbox 799 3800 929 3851; x_wconf 88' lang='lat' dir='ltr'>cubiculo</span> <span class='ocrx_word' id='word_1_332' title='bbox 949 3801 1083 3870; x_wconf 85' lang='lat' dir='ltr'>praefecti</span> <span class='ocrx_word' id='word_1_333' title='bbox 1103 3819 1163 3854; x_wconf 88' lang='lat' dir='ltr'>cum</span> <span class='ocrx_word' id='word_1_334' title='bbox 1184 3804 1250 3855; x_wconf 89' lang='lat' dir='ltr'>uni·</span> 
     </span>
     <span class='ocr_line' id='line_1_40' title="bbox 145 3871 1250 3943; baseline 0.006 -27"><span class='ocrx_word' id='word_1_335' title='bbox 145 3880 224 3918; x_wconf 82' lang='lat' dir='ltr'>verso</span> <span class='ocrx_word' id='word_1_336' title='bbox 244 3874 352 3929; x_wconf 83' lang='lat' dir='ltr'>renato,</span> <span class='ocrx_word' id='word_1_337' title='bbox 371 3876 434 3935; x_wconf 64' lang='lat' dir='ltr'>suga</span> <span class='ocrx_word' id='word_1_338' title='bbox 452 3885 592 3939; x_wconf 84' lang='lat' dir='ltr'>purpurea</span> <span class='ocrx_word' id='word_1_339' title='bbox 610 3876 759 3937; x_wconf 77' lang='lat' dir='ltr'>gestantes,</span> <span class='ocrx_word' id='word_1_340' title='bbox 782 3879 859 3923; x_wconf 77' lang='lat' dir='ltr'>cntra</span> <span class='ocrx_word' id='word_1_341' title='bbox 877 3871 999 3924; x_wconf 86' lang='lat' dir='ltr'>cortinas</span> <span class='ocrx_word' id='word_1_342' title='bbox 1016 3874 1096 3943; x_wconf 83' lang='lat' dir='ltr'>cquis</span> <span class='ocrx_word' id='word_1_343' title='bbox 1116 3889 1250 3926; x_wconf 77' lang='lat' dir='ltr'>conscen-</span> 
     </span>
     <span class='ocr_line' id='line_1_41' title="bbox 145 3936 1246 4013; baseline 0.005 -27"><span class='ocrx_word' id='word_1_344' title='bbox 145 3936 192 3997; x_wconf 88' lang='lat' dir='ltr'>sis,</span> <span class='ocrx_word' id='word_1_345' title='bbox 210 3952 273 3988; x_wconf 90' lang='lat' dir='ltr'>cum</span> <span class='ocrx_word' id='word_1_346' title='bbox 298 3938 472 4001; x_wconf 84' lang='lat' dir='ltr'>silentiariis,</span> <span class='ocrx_word' id='word_1_347' title='bbox 491 3938 674 4009; x_wconf 72' lang='lat' dir='ltr'>expraefecti·</span> <span class='ocrx_word' id='word_1_348' title='bbox 693 3948 722 3992; x_wconf 88' lang='lat' dir='ltr'>et</span> <span class='ocrx_word' id='word_1_349' title='bbox 739 3940 943 4005; x_wconf 86' lang='lat' dir='ltr'>cerimoniario,</span> <span class='ocrx_word' id='word_1_350' title='bbox 961 3944 991 3995; x_wconf 88' lang='lat' dir='ltr'>in</span> <span class='ocrx_word' id='word_1_351' title='bbox 1008 3944 1101 3997; x_wconf 84' lang='lat' dir='ltr'>medio</span> <span class='ocrx_word' id='word_1_352' title='bbox 1120 3947 1246 4013; x_wconf 87' lang='lat' dir='ltr'>ipsorum</span> 
     </span>
     <span class='ocr_line' id='line_1_42' title="bbox 144 4006 1249 4082; baseline 0.006 -25"><span class='ocrx_word' id='word_1_353' title='bbox 144 4006 313 4073; x_wconf 79' lang='lat' dir='ltr'>procedente</span> <span class='ocrx_word' id='word_1_354' title='bbox 331 4016 360 4061; x_wconf 90' lang='lat' dir='ltr'>et</span> <span class='ocrx_word' id='word_1_355' title='bbox 378 4026 506 4079; x_wconf 83' lang='lat' dir='ltr'>pompam</span> <span class='ocrx_word' id='word_1_356' title='bbox 532 4009 695 4072; x_wconf 82' lang='lat' dir='ltr'>ordinante,</span> <span class='ocrx_word' id='word_1_357' title='bbox 713 4010 909 4077; x_wconf 76' lang='lat' dir='ltr'>imperatorem</span> <span class='ocrx_word' id='word_1_358' title='bbox 929 4014 1114 4068; x_wconf 69' lang='lat' dir='ltr'>comitantum</span> <span class='ocrx_word' id='word_1_359' title='bbox 1145 4012 1249 4082; x_wconf 86' lang='lat' dir='ltr'>reliqui</span> 
     </span>
     <span class='ocr_line' id='line_1_43' title="bbox 144 4075 1249 4155; baseline 0.006 -27"><span class='ocrx_word' id='word_1_360' title='bbox 144 4075 265 4145; x_wconf 85' lang='lat' dir='ltr'>pedihus</span> <span class='ocrx_word' id='word_1_361' title='bbox 281 4086 379 4133; x_wconf 85' lang='lat' dir='ltr'>cuntes</span> <span class='ocrx_word' id='word_1_362' title='bbox 397 4079 428 4133; x_wconf 93' lang='lat' dir='ltr'>hi</span> <span class='ocrx_word' id='word_1_363' title='bbox 447 4089 527 4135; x_wconf 77' lang='lat' dir='ltr'>suut:</span> <span class='ocrx_word' id='word_1_364' title='bbox 554 4080 689 4150; x_wconf 81' lang='lat' dir='ltr'>spatharii</span> <span class='ocrx_word' id='word_1_365' title='bbox 704 4078 848 4136; x_wconf 76' lang='lat' dir='ltr'>dextralis</span> <span class='ocrx_word' id='word_1_366' title='bbox 873 4085 1046 4155; x_wconf 56' lang='lat' dir='ltr'>scutarium</span> <span class='ocrx_word' id='word_1_367' title='bbox 1070 4099 1120 4138; x_wconf 86' lang='lat' dir='ltr'>sua</span> <span class='ocrx_word' id='word_1_368' title='bbox 1138 4090 1249 4154; x_wconf 68' lang='lat' dir='ltr'>pestan-</span> 
     </span>
    </p>
   </div>
   <div class='ocr_carea' id='block_1_5' title="bbox 0 0 1526 4825">
    <p class='ocr_par' dir='ltr' id='par_1_5' title="bbox 0 0 1526 4825">
     <span class='ocr_line' id='line_1_44' title="bbox 0 0 1526 4825; baseline 0 0"><span class='ocrx_word' id='word_1_369' title='bbox 0 0 1526 4825; x_wconf 95' lang='lat' dir='ltr'> </span> 
     </span>
    </p>
   </div>
  </div>
 </body>
</html>
