3042 4825
294 209 380 316 548
498 237 773 306 consulamur
807 240 1177 311 aouruuuoonum

290 391 363 476 τόν,
392 392 447 458 κατ’
468 385 529 458 εἷθ’
550 387 654 472 οότοις
675 395 875 480 εἰσέρχονται
895 393 950 463 διό
973 401 1032 484 τῆς
1053 399 1154 465 έκεῖσε
1182 397 1401 488 εἰσφεροόσιγς

290 491 392 578 πόλης
420 490 502 577 πρός
522 489 567 582 Ιτό
601 491 703 572 δεξιόν
733 497 833 581 μέρος
858 498 919 560 τοῦ
949 498 1105 582 βήματος.
1144 501 1246 566 ἐκεῖσε
1270 497 1334 586 γόρ
1362 497 1401 563 οἷ

290 596 346 676 τῆς
366 587 541 676 συγκλήτου
563 593 677 668 πάντες
708 595 855 659 ἵστανται
874 593 957 676 μετοὶ
987 596 1043 662 καί
1063 600 1126 662 τῶν
1146 602 1319 681 βασιλικῶν
1338 599 1400 663 καῖ

289 694 351 756 τοῦ
371 692 614 774 κουβουκλείου,
635 689 846 776 ἐπευχόμενοι
865 693 941 770 τοός
962 695 1127 773 δεσπότας.
1169 699 1224 762 καί
1242 691 1306 762 uiui
1325 699 1394 761 τῶν

253 807 256 813 ’
292 792 394 883 ἐκεῖσε
417 791 615 877 εἰσέρχονται
646 793 691 870 εἰς
711 789 752 857 τό
773 789 849 876 ἅγιοι
869 793 989 880 θόρια,
1019 797 1076 860 κατ’
1097 789 1254 863 ἅπτουσιν
1274 792 1421 883 κηροός5

267 886 377 958 cuceri
398 887 434 955 τό
457 887 590 971 εἰωθὸς,
610 894 666 956 κοιί
683 889 723 956 τοὶ
744 888 816 977 ἑξῆς
837 891 920 959 κατὰ
948 892 1005 961 τόν
1022 893 1123 961 τόπον
1141 897 1297 962 τελοῦσιν.
1339 895 1400 960 κατ’

145 1003 195 1057 lle.
208 983 356 1058 186ueill²
378 985 482 1065 οότοος
507 991 754 1074 παραλαμβάνει
783 989 847 1056 οἰπό
865 994 976 1079 χειρός
995 997 1054 1060 τοό
1075 998 1271 1082 καστρησίου
1293 993 1311 1061 ό
1331 1021 1399 1060 τια-

292 1088 451 1178 σριόρχης
471 1086 527 1156 τόν
548 1088 729 1174 δυμιατόν,
760 1089 817 1156 καί
835 1093 1003 1158 ἐπιδίδωσι
1024 1095 1069 1184 τῷ
1088 1101 1236 1180 βασιλεῖ,
1257 1097 1313 1160 καί
1332 1097 1397 1158 δυ·

292 1191 354 1280 μιᾷ
375 1189 392 1254 ό
412 1187 566 1271 βασιλτός
594 1191 685 1276 πέριξ
712 1192 770 1276 τῆς
799 1190 893 1276 ἁγίας
921 1195 1093 1280 τραπέζης,
1121 1197 1178 1262 κατ’
1201 1191 1265 1262 εἶθ’
1292 1189 1398 1270 οόταις

294 1288 349 1355 διό
373 1293 431 1354 τοῦ
461 1291 567 1368 δεξιοῦ
586 1293 706 1375 μέρους
731 1293 791 1356 τοῦ
811 1290 956 1375 βήματος
983 1291 1046 1358 cini
1066 1297 1131 1359 τῶν
1152 1295 1253 1360 ἐκεῖσε
1271 1295 1447 1380 μικρῶντο

293 1389 393 1474 ἇγόοον
424 1391 534 1476 θυρῶν
566 1391 750 1474 ἐξέρχονται
779 1386 811 1454 οῖ
830 1389 982 1456 δεσπόται
1008 1386 1079 1475 όμοι
1105 1393 1165 1457 τοῦ
1190 1391 1395 1478 πατριάρχου

293 1489 353 1566 ἓοος
372 1491 435 1554 τῶν
461 1489 637 1576 πορφυρῶν
664 1485 797 1570 κιόνων,
818 1488 875 1554 καί
899 1491 1001 1556 ἐκεῖσε
1029 1490 1312 1578 οἰποχαιρετίζουσι
1338 1487 1398 1555 τόν

291 1585 504 1675 πατριάρχρν,
524 1591 635 1654 τοῦτον
657 1581 883 1671 ἀσπαζόμενοι.
908 1589 1000 1655 uniri
1019 1595 1080 1674 μὲν
1097 1591 1302 1678 πατριάρχης
1325 1589 1397 1653 εἰσ-

172 1732 178 1745 ·
291 1691 425 1776 έρχεται
455 1693 501 1766 εἰς
527 1685 565 1754 τό
595 1691 684 1776 βῆμα
710 1688 881 1755 ἐκτελέσαι
906 1687 966 1775 τήν
994 1693 1186 1777 τριτοέκτιγν·
1227 1687 1258 1754 οἱ
1287 1690 1324 1754 δὲ
1343 1688 1398 1752 δε-

293 1788 408 1854 σπόται
430 1788 632 1874 εἰσέρχονται
652 1789 687 1854 ἐν
707 1791 752 1876 τῷ
771 1793 979 1878 μητατιορίρι,
998 1793 1054 1854 κατ’
1071 1790 1152 1871 μετὰ
1173 1786 1233 1874 τὴν
1252 1789 1307 1872 τῆς
1326 1793 1443 1871 τρι-15

298 1891 427 1974 τοέκτιγς
460 1887 614 1952 οἶπόλυσιν
640 1888 828 1974 όνέρχονται
856 1889 1016 1970 μυστικῶς
1046 1886 1099 1953 διό
1127 1891 1187 1953 rori
1214 1890 1315 1952 ἐκεῖσε
1336 1885 1398 1949 κοῶ

262 2003 288 2060 1)
295 1984 534 2072 μητατοιρικέου
556 1987 686 2070 κοχλιοό
708 1988 754 2062 εἰς
774 1985 815 2053 τοὶ
837 1987 1068 2072 κατηχοόμενα,
1092 1984 1148 2051 καί
1163 1982 1217 2050 διὰ
1237 1987 1302 2048 τῶν
1323 1986 1397 2048 δια-

293 2087 431 2168 βατικῶν
450 2088 647 2170 εἰσέρχονται
666 2087 826 2167 μυστικῶς
847 2085 1083 2171 δρριγευόμενοι
1106 2082 1171 2149 όπό
1192 2107 1225 2148 τε
1244 2086 1309 2148 τῶν
1328 2107 1396 2166 μα·

293 2185 454 2271 γλαβιτῶν
474 2188 531 2250 καί
549 2187 605 2269 τῆς
625 2178 786 2270 ἓταιριιάς
807 2187 853 2261 εἰς
873 2183 908 2250 τό
932 2182 1151 2270 θεοφόλακτον
1171 2179 1341 2247 παλότιον·
1362 2179 1397 2246 οἱ

295 2285 333 2350 δὲ
351 2288 410 2370 τῆς
429 2283 606 2368 συγκλήτου
627 2281 738 2360 πάντες
759 2286 815 2348 καί
835 2279 865 2347 οἰ
886 2284 946 2349 tori
964 2285 1187 2365 κουβουκλεέου
1208 2280 1264 2345 καί
1282 2277 1314 2344 οἰ
1332 2283 1438 2363 lin-ao

295 2382 413 2452 σιλικοό
432 2375 597 2470 ἅνθρωποι
616 2380 699 2464 μετὰ
720 2381 781 2469 τήν
799 2383 855 2469 τῆς
873 2383 1049 2467 τριτοέκτης
1069 2381 1226 2463 ἀπόλυσιν
1247 2378 1309 2445 όπό
1329 2382 1394 2445 τῶν

293 2484 414 2565 ἐκεῖσε,
443 2475 540 2567 ἤγουν
561 2480 624 2549 uiuo*
647 2485 701 2567 τῆς
723 2481 818 2565 όγόας
837 2484 983 2569 Συρίας,
1004 2475 1179 2568 ἀπέρχεται
1199 2485 1327 2558 ἕκαστος
1346 2479 1394 2556 εἰς

293 2581 336 2649 τό
367 2581 446 2647 ἴδια.
488 2581 542 2651 διό
563 2580 621 2668 γόρ
643 2580 677 2647 τό
697 2576 780 2647 εἰναι
801 2579 860 2667 τὴν
888 2580 1012 2667 ἡμέραν
1032 2579 1315 2666 παραπομπὴν
1343 2580 1391 2653 εἰς

293 2681 355 2771 τὴν
373 2678 582 2772 δποστρορὴν
604 2679 644 2747 ori
666 2682 887 2770 δηριγεόουσιν
907 2672 994 2747 οὗτοι
1013 2679 1090 2757 τεός
1108 2677 1272 2762 δεσπότας.

298 2892 329 2939 et
356 2884 525 2940 cubicularii
553 2882 665 2939 adstant
689 2880 816 2936 Dominis
837 2879 1045 2937 benedicentes.
1079 2881 1118 2943 iii
1135 2898 1185 2953 per
1202 2898 1291 2935 eecrae
1317 2880 1392 2936 iore·

295 2957 481 3009 cancellorum
501 2956 616 3025 ingreeei
641 2953 796 3008 accendunt
814 2970 926 3018 cereos,
951 2962 983 3007 ut
1000 2969 1058 3007 moa
1079 2961 1137 3015 eet,
1160 2962 1191 3005 ct
1211 2960 1302 3006 cetere
1320 2969 1391 3023 quo-

295 3043 353 3111 τριο
373 3042 407 3077 ex
425 3030 481 3079 ritu
499 3034 640 3097 peragunt.
678 3022 803 3077 Tandem
821 3032 1000 3094 accepturae
1026 3041 1109 3077 maun
1131 3024 1275 3077 cathensi·
1300 3024 1391 3092 patri-

296 3096 378 3151 archa
396 3096 567 3150 thuribulum
587 3096 672 3150 tradit
696 3097 865 3165 Imperatori.
885 3096 937 3149 liic
955 3102 1042 3148 totam
1058 3094 1128 3146 circa
1146 3112 1249 3147 uacuam
1267 3110 1390 3146 mensam

296 3170 435 3233 iuuenem
462 3177 491 3221 et
508 3177 566 3220 tum
585 3174 687 3220 exeunt
705 3167 820 3218 Domini
845 3183 862 3217 a
885 3165 980 3217 dextra
1007 3167 1125 3218 bematis
1143 3182 1197 3217 una
1222 3180 1285 3215 cum
1302 3163 1390 3233 patri·

298 3237 380 3291 arche
404 3255 455 3306 per
472 3240 608 3301 minoren,
629 3253 700 3309 qnae
720 3236 761 3289 ibi
780 3246 863 3300 erunt,
886 3253 975 3288 cacrar
993 3237 1081 3300 force,
1106 3245 1136 3287 et
1157 3252 1245 3305 urque
1266 3234 1303 3287 ad
1325 3251 1389 3303 poab

318 3307 453 3377 hyretieaa
472 3310 611 3361 columnae
629 3307 782 3378 procedunt
799 3307 889 3361 ambo.
914 3307 957 3358 lbi
974 3317 1067 3359 autem
1085 3304 1245 3359 valedicunt
1262 3314 1292 3357 et
1308 3322 1390 3357 orcu-

295 3326 353 3432 ἰαια
372 3380 445 3448 ρεσίε
467 3380 629 3449 impertiunt
648 3379 826 3446 patriarchae.
862 3378 898 3429 Et
919 3377 966 3430 hic
993 3377 1106 3448 quidem
1132 3376 1205 3429 redit
1230 3378 1260 3429 in
1291 3373 1392 3441 hema,

295 3448 483 3511 tritohecten‚
507 3449 538 3500 id
558 3456 600 3501 eet
618 3448 734 3501 officium
755 3450 827 3501 inter
847 3448 955 3501 tertiam
974 3456 1003 3501 et
1020 3456 1125 3501 textam
1141 3446 1238 3499 horam
1256 3463 1390 3517 peregen-

298 3520 381 3583 dum,
406 3527 578 3587 peracturum
601 3519 713 3570 Domini
734 3528 824 3572 antem
852 3521 957 3572 intrant
985 3520 1016 3571 in
1040 3519 1233 3581 mutatorium,
1256 3525 1286 3571 et
1311 3516 1391 3568 illinc

293 3599 360 3661 poet
380 3590 582 3643 absolutionem
603 3588 647 3642 vel
666 3590 747 3641 linem
773 3588 934 3642 tritoheetea
952 3588 1104 3643 ascendunt
1120 3589 1234 3710 mpatice
1258 3588 1303 3641 vel
1319 3588 1390 3638 clam

294 3660 407 3714 arbitria
426 3668 532 3713 etcum
552 3662 657 3713 intimi·
675 3658 769 3711 amicis
786 3668 816 3712 et
832 3659 992 3712 custodibur
1024 3677 1074 3731 per
1096 3676 1145 3711 coc
1166 3660 1236 3712 leam
1261 3674 1276 3711 c
1299 3665 1391 3711 meta-

294 3733 367 3786 torio
387 3729 422 3783 ad
440 3730 647 3787 catechumenia
668 3728 823 3797 ducentenu
843 3740 872 3783 et
888 3729 1009 3803 denique
1023 3747 1072 3801 per
1088 3729 1227 3782 diabatica
1240 3731 1285 3781 vel
1303 3736 1389 3781 tectae

294 3803 417 3873 porticus
436 3802 553 3855 redeunt
571 3802 600 3855 in
618 3801 759 3871 palatium,
778 3800 854 3871 quod
871 3801 946 3854 Deua
965 3801 1117 3863 custodiat,
1133 3800 1229 3869 etipnti
1250 3817 1266 3851 a
1287 3799 1390 3868 magla-

295 3874 363 3926 hitir
382 3880 411 3924 et
427 3870 558 3929 hetaeriu.
595 3872 731 3925 Senatorii
754 3881 846 3925 autem
870 3887 963 3925 omnen
988 3879 1017 3926 et
1035 3870 1198 3925 cubicularii
1223 3879 1252 3924 ct
1269 3865 1389 3940 palatini

290 3944 416 3996 ministri
435 3952 500 4012 port
516 3941 671 3997 absolutam
697 3942 872 3996 tritohectam
890 3943 996 3997 abeunt
1020 3942 1115 4006 illinc,
1142 3942 1172 3994 id
1191 3950 1234 3993 eat
1259 3958 1274 3991 e
1293 3947 1387 3992 cancta

295 4012 418 4083 Sophia,
443 4013 479 4065 ad
498 4030 547 4067 rna
565 4017 691 4098 quicque.
727 4014 833 4085 Pagana
851 4015 926 4066 enim
947 4030 1032 4087 quum
1048 4015 1085 4065 eit
1102 4013 1152 4064 iila
1174 4010 1253 4074 dice,
1273 4006 1323 4082 [id
1347 4016 1390 4061 cet

294 4085 405 4137 solenni
422 4092 453 4139 nt
474 4084 625 4138 solenniter
641 4082 764 4139 indictae
780 4084 950 4159 processioni
966 4101 1025 4142 non
1048 4080 1150 4157 dicata]
1173 4099 1232 4138 non
1249 4080 1390 4137 coniun-

294 4161 341 4215 aar
360 4155 493 4211 Domino·
516 4157 548 4211 in
563 4155 700 4229 palatium
717 4151 873 4212 redeuntee.
