3042 4825
235 137 363 242 '616
486 174 760 246 normannia
789 177 1156 248 romaraoonum

125 337 396 425 Εδλ..356δροοτηῖ,
427 332 597 400 εἶκελεόεο
618 331 637 399 ό
657 332 811 418 βασιλεδς
829 337 985 404 εἰσελθεῖν
1004 333 1061 402 τόν
1085 331 1309 424 πατριδρχην.
1350 335 1377 402 ὅ

124 440 313 530 mmai&
330 429 597 523 ῥαιφερενδόριος
626 426 730 501 uinaria
751 440 978 520 προσκαλεῖται
998 431 1053 500 τόν
1072 431 1293 522 πατριδρχην,
1314 433 1380 502 κατ’

272 537 456 621 εἰσέρχεται
474 530 490 599 ὁ
509 531 708 620 πατριάρχης
728 534 765 600 ἐν
783 535 826 622 τῷ
847 532 988 624 παλατίιρ
1021 532 1101 616 μετὰ
1130 539 1189 600 τοῦ
1217 539 1372 622 σεκρέτοο

274 636 377 702 aizoi
397 632 454 698 καί
469 637 708 719 μητροπολιτῶν
728 631 785 698 καί
803 629 1073 721 οἶρχιεπισκόπων,
1097 638 1153 700 καί
1169 637 1204 700 ἓν
1221 637 1267 724 τῷ
1285 661 1374 722 χρο-

226 724 230 732 ’
272 730 455 823 σοτρικλίνρι
477 730 636 818 ποιεῖτὴν
656 729 776 818 εδχῆν,
807 733 964 821 παρόντος
990 733 1046 800 καί
1067 737 1125 800 τοῦ
1143 735 1288 820 σικρίτον
1309 737 1403 808 ου’-5

273 838 342 917 τοῦ,
373 828 455 898 κατὰ
474 829 531 897 τόν
550 827 652 899 τόπον
671 834 729 917 τῆς
748 831 771 896 e'
792 832 916 920 ἡμέρας
933 837 991 920 τῆς
1011 834 1253 920 διακαινησᾲιον
1276 827 1375 918 ἑβδο-

272 933 386 1019 μάδος.
405 931 462 997 καί
481 929 564 1015 pacui
584 929 621 998 τό
643 936 776 1019 ποιῆσαι
796 933 856 1018 τήν
876 931 976 1018 εὐχήν
995 929 1052 999 τόν
1072 930 1273 1020 πατριάρχην
1293 957 1374 999 σον-ι

272 1035 424 1100 τάσσεται
438 1043 504 1109 τοῖς
524 1029 704 1116 δεσπόταις,
727 1031 783 1098 καί
802 1026 928 1098 ἄπεισιν
951 1035 986 1099 ἐν
1005 1033 1049 1121 τῷ
1069 1030 1284 1120 πατριαρχείρι
1305 1027 1374 1096 aiud

276 1132 336 1199 δόο
355 1135 576 1218 σιλεντιαρίοον
595 1130 907 1220 πορακρατοόμενος.
943 1130 1025 1214 μετὰ
1046 1133 1081 1197 δὲ
1099 1129 1134 1198 τό
1156 1133 1295 1208 deridete
1313 1129 1375 1197 τόν

249 1228 480 1319 Βποτριοὶρχην
499 1235 680 1318 εἰσέρχεται
697 1231 734 1298 τό
753 1235 901 1319 σέκρετον
920 1237 983 1299 τῶν
1003 1232 1235 1316 συγκλητικῶν,
1256 1228 1312 1294 καὶ
1331 1223 1427 1302 ἇ-ιο

273 1335 542 1420 πενχαριστοῦσιν
560 1336 604 1423 τῷ
624 1339 767 1418 βασιλεῖ,
799 1331 857 1398 καί
874 1329 1062 1416 ἐπεόχονται
1082 1326 1170 1419 αὐτῷ
1185 1328 1240 1396 διό
1262 1327 1297 1394 τό
1320 1353 1376 1393 τε-

273 1434 358 1518 χθὲν
380 1439 675 1520 πορφυρογέννητον
696 1435 843 1516 παιδίον,
877 1436 1020 1517 λέγοντες
1045 1430 1231 1496 θεάσασθαι
1254 1431 1375 1508 παῖδας

273 1533 341 1598 τεόν
359 1533 485 1597 παίδων
504 1535 564 1598 τοῦ
583 1527 900 1620 πορφυρογεννὴτοο,
931 1530 989 1596 καί
1006 1531 1117 1596 τοῦτον
1137 1533 1218 1595 ἰδεῖν
1237 1527 1375 1616 γηραιόν

273 1632 332 1698 καί
350 1629 571 1718 προβεβηκότα
588 1630 717 1718 χρόνιον
737 1629 855 1716 πολλὴν
881 1629 1052 1717 περίοδον,
1084 1623 1152 1694 εἶτα
1179 1624 1375 1721 κληρονόμον

268 1830 435 1912 Ῥωμαίων
455 1835 559 1908 καλῶς
581 1827 781 1898 tautirano
809 1833 866 1895 καί
886 1825 1059 1912 διεξόγοιτο
1085 1831 1233 1911 βασιλεια
1262 1825 1376 1892 τεκαὶ

273 1933 426 1996 πολιτεία.
468 1934 578 2014 ἰστέον,
605 1926 654 1996 ότι
673 1929 839 1997 καὶτοῦτο
859 1933 984 2014 γέγονεν
1005 1929 1040 1994 ἐν
1060 1935 1127 2004 τοϊς
1147 1922 1374 2013 ἀρχαιοτέροις

264 2044 269 2054 ·
271 2025 422 2112 χρόνοις.
462 2033 508 2117 τῷ
527 2035 660 2114 βασιλεῖ
674 2033 792 2114 τεχθὲν
824 2021 922 2116 ἄρρεν
948 2029 1096 2107 παιδίον,
1130 2023 1373 2112 όπατριιίρχης

275 2127 333 2191 οδκ
354 2129 500 2213 εἰσῆλθεν
527 2130 562 2193 ἐν
593 2132 639 2218 τῷ
661 2131 806 2218 παλατίρι
839 2127 971 2212 ποιῆσαι
996 2121 1056 2210 τήν
1084 2119 1202 2208 εόχῆν,
1238 2125 1307 2192 ἀλλ’
1335 2126 1371 2190 ἐν

247 2222 414 2310 capricana
434 2227 564 2304 ἑδεξατο
585 2225 603 2293 ό
622 2225 773 2312 parnasia
791 2223 826 2292 τό
851 2231 999 2313 σε’κρετον
1018 2227 1079 2290 τῶν
1098 2227 1313 2308 συγκλητικῶν
1335 2226 1415 2294 ἕντο

273 2326 319 2412 τῷ
337 2324 565 2391 Ἰοοστινιανοδ
584 2329 752 2416 τρικλίνῳ,
784 2323 892 2402 καθώς
911 2325 1117 2412 προείρηται,
1149 2325 1206 2387 καί
1225 2319 1287 2386 α’πό
1308 2326 1372 2389 τῶν

241 2420 255 2440 ‘
274 2428 377 2490 ἐκεῖσε
398 2424 559 2512 ἐδόθησαν
578 2426 709 2509 μίνσαι,
739 2426 796 2491 καί
815 2428 949 2511 ἐξῆλθον
967 2425 1083 2501 πάντες
1103 2424 1160 2491 ἐπί
1175 2420 1231 2490 τόν
1252 2430 1372 2509 καβαλ-

274 2520 394 2613 λα’ριον,
414 2524 470 2593 καί
486 2527 613 2613 γέγονεν
631 2521 805 2614 πρόκενσον
826 2527 861 2591 ἐν
879 2528 917 2615 κη’,
938 2523 1058 2617 μεγάλη
1079 2528 1138 2591 τοῦ
1160 2526 1244 2593 Θεοῦ
1264 2526 1373 2613 tarr,-

275 2760 309 2809 nt
324 2753 480 2824 patriarcha
497 2753 599 2807 veniat
635 2753 675 2807 Eo
695 2755 892 2823 permittente,
915 2754 976 2808 abit
993 2754 1196 2809 referendarius
1214 2762 1244 2809 et
1260 2755 1373 2809 arcessit

273 2824 467 2895 patriarcham.
502 2826 553 2878 llic
573 2824 659 2877 intrat
675 2824 706 2877 in
724 2824 860 2909 palatium
882 2842 944 2879 curn
964 2834 1069 2879 recreta
1108 2843 1159 2879 auo
1189 2833 1298 2881 etcum
1312 2844 1373 2880 me-

274 2895 415 2964 tropolitis
428 2904 512 2966 atque
533 2895 758 2965 archiepiscopo,
778 2895 896 2948 etfacit
919 2898 950 2949 in
973 2896 1195 2965 chrysotriclinio
1219 2898 1376 2951 orationem

274 2982 358 3033 anper
374 2966 481 3019 infante
498 2964 528 3017 in
548 2968 704 3035 praesentia
724 2967 824 3020 aecreti
841 2967 888 3018 aui
911 2968 1062 3021 necandum
1082 2976 1179 3036 typum
1200 2968 1245 3019 vel
1267 2968 1374 3021 sormu-

262 3036 346 3099 δυσ,
370 3052 425 3107 qua
446 3036 622 3104 baptizandis
646 3035 716 3089 feria
740 3038 840 3109 quinta
866 3036 1050 3091 hebdomadis
1073 3037 1260 3091 renovationis
1285 3039 1373 3093 bene-

274 3104 332 3157 dici
356 3106 437 3159 nolet.
475 3108 542 3160 Post
566 3107 667 3161 dictam
686 3110 839 3161 orationem
862 3108 992 3161 valedicit
1019 3108 1175 3179 patriarcba
1194 3110 1321 3162 Dominia
1345 3116 1375 3163 et

276 3175 339 3227 abit
357 3175 389 3227 in
407 3176 628 3246 patriarcbeum,
652 3178 770 3247 atipatua
790 3188 819 3231 et
843 3187 1011 3232 auateutatua
1035 3196 1052 3231 a
1070 3178 1179 3233 <luobus
1202 3180 1374 3237 ailentiariia.

275 3245 405 3315 Digreaao
432 3248 597 3317 patriarcha,
617 3250 705 3302 intrat
729 3256 863 3302 accretum
893 3268 942 3303 reu
970 3266 1069 3319 corpua
1099 3254 1318 3313 aenatoriorunr,
1345 3259 1375 3305 et

276 3314 440 3372 adoratione
457 3318 549 3383 iacta,
572 3321 742 3390 gratulantur
765 3320 945 3389 Imperatori,
972 3329 1000 3373 et
1018 3328 1166 3391 precantur
1183 3320 1256 3373 bene
1281 3336 1374 3373 recena

275 3396 342 3439 nato
360 3389 594 3459 porphyrogenito
612 3390 731 3454 infanti,
751 3400 917 3462 voveatque,
935 3397 967 3443 ut
983 3392 1044 3461 ipre
1065 3400 1145 3461 pater
1164 3390 1224 3443 eiua
1246 3392 1375 3463 aliquan·

278 3456 315 3513 ἅο
342 3457 426 3513 buina
453 3460 569 3513 infantia
595 3470 726 3532 nepotes,
751 3463 896 3545 iprumque
923 3478 997 3515 nunc
1023 3462 1159 3515 infantem
1174 3462 1240 3514 olim
1266 3479 1374 3525 renem,

276 3527 379 3581 multae
396 3546 531 3584 annorum
554 3532 627 3584 alcea
647 3548 809 3594 emensum,
827 3533 935 3595 ardeat,
957 3533 1098 3605 talemque
1120 3532 1262 3603 relinquat
1280 3540 1375 3603 pater-

277 3614 332 3651 nae
361 3602 533 3654 auctoritatis
566 3610 595 3655 et
621 3603 732 3671 imperii
755 3602 903 3667 heredem,
930 3620 985 3673 quo
1011 3606 1129 3656 Romana
1154 3618 1215 3665 rea,
1242 3612 1298 3655 tarn
1321 3604 1374 3655 im-

276 3669 405 3739 perium,
424 3689 507 3744 quam
525 3672 612 3725 civilia
629 3674 809 3743 gubernatio,
830 3673 901 3725 bene
921 3682 1051 3746 rectoque
1072 3690 1151 3727 curru
1167 3710 1174 3734 ,
1190 3674 1266 3726 velut
1286 3674 1373 3738 naria,

277 3740 427 3807 dirigatur,
450 3751 479 3794 et
492 3760 542 3811 per
554 3752 596 3797 tot
611 3762 700 3798 rernm
714 3743 873 3797 diacrimina
891 3745 963 3799 aalra
984 3752 1014 3797 et
1036 3744 1183 3798 incolumia
1208 3743 1372 3796 traducatur.

277 3811 409 3882 Antiqnia
434 3814 605 3883 temporibna
628 3816 667 3867 ita
696 3814 905 3882 procedebatur.
950 3816 1038 3868 Filiua
1059 3814 1220 3883 imperatori
1245 3816 1269 3869 al
1291 3823 1372 3868 notua

279 3890 360 3945 earet,
379 3899 435 3935 non
452 3885 583 3937 veniebat
598 3884 753 3955 patriarcba
774 3886 804 3938 in
821 3887 954 3955 palatium
977 3884 1012 3937 ad
1031 3884 1186 3939 taciendam
1205 3887 1373 3950 orationem

278 3951 328 4003 aed
345 3954 434 4022 primo
456 3955 516 4007 loco
546 3958 705 4026 excipiebat
727 3968 756 4011 et
776 3957 942 4011 admittebat
960 3958 1110 4028 imperator
1135 3954 1172 4007 ad
1191 3972 1220 4010 ae
1238 3964 1373 4011 secretana

278 4033 436 4078 aenatorum
456 4024 486 4077 in
504 4027 651 4080 luatiniani
673 4029 811 4091 triclinio,
830 4038 862 4081 ut
884 4029 988 4082 dictum
1007 4038 1062 4097 eat;
1081 4038 1138 4083 tum
1158 4026 1295 4081 dabantur
1308 4028 1373 4079 mia·

278 4108 343 4163 ater
367 4104 399 4151 et
415 4096 530 4152 exibant
547 4100 626 4154 illinc
645 4116 741 4154 omnca
763 4098 793 4153 in
816 4100 993 4155 caballarium
1019 4099 1079 4175 {reu
1102 4114 1235 4173 equorum
1259 4116 1375 4171 amaa·-
