3042 4825
300 292 356 352 Π
683 288 738 353 10.
769 288 850 353 mc.
880 290 1028 355 RElSKll
1100 284 1108 304 '

297 455 396 505 strum
421 444 654 505 Constantinum
677 442 768 526 legati
795 441 839 505 illi
862 444 1011 527 Hispani,
1032 465 1164 526 quorum
1190 440 1286 506 altero
1310 444 1393 507 libro

298 548 412 606 mentio
434 546 476 609 fit
518 546 565 605 Ea
583 564 705 627 quoque
725 542 875 625 particula
895 547 972 605 scita
999 554 1063 620 est,
1093 566 1172 627 quae
1199 567 1262 628 quo
1293 550 1394 607 comi-

297 655 363 705 tatu
385 644 511 707 celebris
533 642 585 705 illa
614 644 784 705 Russorum
807 643 1008 705 Archontissa
1029 665 1084 705 seu
1111 644 1260 721 Ducissa‚
1288 644 1391 727 Elgn,

290 745 348 807 =vel
370 744 469 827 Olga‚
492 756 528 805 ut
550 744 600 805 alii
625 742 800 825 appellant,
823 742 921 805 CPlin
943 745 1081 821 venerit,
1104 755 1246 822 enarrat,
1267 754 1298 805 et
1318 747 1392 826 qui·

160 844 353 905 rombus
377 844 545 905 honoribus
565 844 712 927 donisque
733 866 800 904 eam
820 854 851 905 et
871 846 1048 906 comitatum
1070 844 1201 927 Augusti
1220 847 1317 905 nostri
1343 843 1391 904 af-

296 945 445 1021 fecerint,
480 966 541 1027 quo
576 946 608 1004 in
633 942 771 1005 conclavi
808 943 1025 1005 Constantinus
1046 955 1077 1005 et
1099 946 1255 1005 Romanus
1280 942 1389 1021 filius,

295 1065 357 1125 quo
381 1066 486 1105 rursus
509 1043 625 1105 Helena
655 1044 795 1127 Augusta
818 1055 849 1105 ct
879 1047 944 1105 eius
977 1066 1073 1106 nurus
1094 1066 1165 1111 eam
1193 1048 1388 1129 exceperint,

295 1143 387 1205 etad
419 1144 625 1227 colloquium,
647 1156 700 1205 ant
727 1156 758 1205 et
781 1145 820 1205 ad
850 1144 975 1226 epulas,
996 1157 1027 1206 et
1049 1146 1160 1228 quibus
1181 1145 1305 1223 diebus,
1332 1144 1389 1207 ad-

293 1246 442 1323 miserint,
466 1246 589 1326 quaudo
608 1266 710 1305 coram
726 1245 873 1327 Augustis
887 1257 980 1323 stare,
1000 1246 1125 1329 quando
1145 1246 1303 1308 considere
1325 1249 1389 1307 ius-

294 1346 399 1403 serint.
456 1342 540 1421 Quid
560 1345 692 1427 denique
713 1344 837 1405 afferam
859 1345 945 1407 urbis
970 1344 1323 1428 Constantinopolitanae
1344 1348 1388 1407 si-

292 1455 359 1503 tum
390 1453 420 1503 et
444 1443 572 1521 facicm,
602 1444 652 1507 vel
681 1456 715 1505 ut
742 1444 921 1527 appellant,
952 1446 1205 1529 topographiam,
1230 1445 1331 1529 qualis
1350 1467 1388 1506 ea

293 1552 391 1602 aetate
415 1553 503 1621 erat,
525 1546 557 1603 in
583 1543 687 1605 multis
713 1547 826 1607 rectius
848 1567 883 1606 ex
904 1545 963 1606 hoc
986 1546 1066 1607 libro
1087 1548 1222 1629 percipi,
1249 1566 1346 1629 quam
1369 1568 1388 1607 o

291 1641 449 1725 Metron
471 1642 547 1703 CPli
575 1644 767 1722 Christiana,
789 1644 947 1729 praeclaro
974 1644 1049 1707 alias
1071 1656 1101 1705 ct
1126 1644 1287 1707 utilissimo
1306 1643 1387 1707 libro

293 1744 351 1803 viri
374 1741 538 1805 doctissimi
562 1755 593 1805 et
621 1748 654 1804 in
683 1744 810 1805 historia
832 1746 924 1806 medii
954 1747 1044 1824 aevi,
1072 1745 1239 1827 Byzantina
1268 1746 1386 1826 praeci-

288 1861 373 1922 pue,
398 1843 655 1923 exercitatissimi3
677 1855 708 1904 at
730 1842 774 1905 illi
794 1854 897 1904 tamen
919 1844 999 1906 libro
1021 1844 1192 1921 nonnulla,
1232 1866 1311 1927 quae
1330 1844 1387 1904 ab·

290 1961 354 2004 esse
382 1940 496 2019 malis,
525 1942 747 2020 adhaeserunt,
781 1962 913 2024 quorum
933 1943 973 2003 de
994 1956 1095 2005 cetero
1121 1947 1243 2005 veniam
1270 1965 1387 2026 aequus

289 2042 507 2123 quinqueviro
530 2041 568 2103 dc
590 2042 637 2103 his
660 2040 769 2103 litteris
793 2044 986 2105 meritissimo
1006 2042 1094 2104 facile
1114 2042 1212 2103 saciat.
1243 2044 1292 2103 Eo
1314 2064 1387 2125 per-

287 2143 384 2218 tinet,
406 2153 441 2203 ut
460 2141 493 2203 id
513 2140 612 2203 obiter
638 2144 807 2225 attingam,
837 2141 921 2224 quod
950 2140 1099 2223 palatium
1124 2144 1329 2224 Magnaurae,
1351 2144 1386 2204 in

287 2262 350 2323 quo
376 2241 465 2324 legati
488 2244 583 2324 excipi
612 2252 642 2302 et
668 2242 767 2303 audiri
790 2240 948 2319 solebant,
980 2243 1013 2301 in
1036 2254 1170 2303 extrema
1191 2242 1278 2302 urbis
1299 2255 1387 2324 parte

287 2341 473 2404 occidentale
493 2343 645 2425 posuerit,
667 2362 763 2423 quum
784 2343 886 2423 magni
910 2339 1016 2431 palatii
1043 2341 1083 2401 ad
1101 2341 1229 2403 Stennm
1249 2344 1320 2422 siti,
1352 2344 1386 2404 iu

286 2465 349 2525 quo
369 2442 523 2502 ordinarie
545 2443 747 2523 Imperatores
767 2441 960 2519 habitabant,
975 2462 1048 2523 pars
1068 2454 1154 2504 esset.
1195 2445 1231 2503 In
1251 2464 1287 2504 eo
1307 2463 1385 2525 quo·

286 2563 346 2626 que
366 2545 444 2606 ratio
464 2542 652 2604 Burunarmr
678 2541 775 2624 sugit,
799 2541 883 2623 quod
904 2541 1054 2602 celebrem
1077 2541 1163 2604 illam
1184 2541 1320 2604 Auream
1342 2545 1385 2604 sic

286 2643 399 2704 dictam
425 2653 546 2724 portam
575 2642 608 2702 iu
636 2641 745 2702 mediis
778 2641 939 2702 moenibus
969 2641 1040 2701 urbi
1069 2663 1104 2702 ex
1131 2653 1219 2724 parte
1248 2646 1384 2704 terrestri

285 2741 335 2803 vel
356 2739 536 2804 occidentali
556 2743 722 2823 praetentis
752 2739 890 2804 collocat
930 2740 979 2802 Ea
1004 2761 1078 2802 vero
1106 2742 1146 2803 ad
1179 2744 1282 2807 sinum
1303 2744 1384 2803 Pro-

285 2841 420 2924 pontidis
448 2843 507 2901 sic·
520 2851 585 2905 erat
612 2842 738 2923 posita,
767 2851 803 2900 nt
829 2840 959 2902 navibus
980 2840 1020 2900 ad
1048 2863 1115 2902 eam
1137 2841 1247 2926 appelli
1272 2853 1385 2925 posset.

286 2939 358 3000 Alia
381 2951 551 3022 praetereo,
564 2962 644 3022 quae
664 2942 793 3024 gratiam
815 2950 845 3000 et
865 2940 1002 3002 favorem
1020 2939 1094 3002 huic
1115 2945 1199 3024 operi
1221 2940 1385 3002 conciliare

285 3051 412 3124 queant,
438 3063 534 3122 quum
554 3042 626 3101 satis
647 3052 677 3101 et
697 3040 820 3122 abunde
839 3039 915 3111 mihi
937 3040 976 3101 de
995 3041 1055 3101 hoc
1074 3051 1254 3123 argumento
1275 3037 1385 3102 dixisse

284 3138 412 3218 videar,
434 3151 464 3201 et
484 3160 563 3222 quae
579 3151 735 3221 praeterea
755 3139 827 3198 huic
849 3140 935 3220 operi
954 3142 1059 3200 insunt
1086 3140 1164 3200 scitu
1186 3138 1298 3221 digna,
1327 3159 1385 3199 ne-

285 3250 421 3322 queant,
451 3221 513 3300 ubi
526 3241 678 3321 integrum
698 3239 871 3320 prodierit,
894 3240 1085 3301 eruditorum
1104 3238 1208 3300 oculos
1229 3239 1342 3302 fallere.

369 3338 396 3421 S.
420 3340 453 3402 ὅ.
494 3339 545 3400 De
570 3339 779 3421 inscriptione
809 3340 903 3399 liuius
927 3339 1012 3401 libri.
1065 3337 1228 3418 Titidum,
1258 3337 1299 3400 dc
1330 3360 1384 3401 ce-

286 3440 431 3504 rimoniis
455 3440 553 3504 aulae
578 3440 806 3519 Byzantinos,
829 3439 967 3520 praefixit
988 3437 1061 3502 liuic
1086 3442 1172 3523 operi
1200 3438 1277 3502 clar.
1310 3440 1382 3501 Lm-

286 3561 385 3620 cruus,
406 3539 446 3602 ad
466 3538 636 3622 exernplum
655 3541 734 3600 Mau
755 3550 786 3601 et
804 3539 957 3600 mecn.
1013 3539 1104 3601 Alius
1121 3543 1307 3623 conspicitur
1332 3543 1382 3601 in-

286 3640 413 3704 volucro
435 3635 572 3704 coiiaceo
592 3640 842 3702 membranarum
862 3651 1037 3702 nostrarum
1057 3644 1242 3725 impressus;
1272 3661 1383 3723 nempe

285 3739 327 3806 cle
353 3743 516 3824 regalibus
541 3741 809 3804 institutionibus.
854 3740 974 3802 Auctor
995 3741 1061 3804 eius
1080 3741 1133 3803 ille
1152 3753 1214 3819 cst,
1244 3741 1382 3824 quisquis
1502 3800 1505 3809 .

285 3845 312 3904 is
332 3841 445 3920 fuerit,
465 3844 518 3925 qni
539 3841 732 3904 membranas
752 3861 788 3902 ea
809 3851 894 3904 veste
914 3843 1032 3902 amiciri
1052 3841 1160 3920 iussit,
1191 3843 1224 3901 in
1244 3861 1306 3922 qua
1325 3840 1381 3902 ad-

284 3939 347 4004 huc
367 3941 489 4006 cubant.
545 3941 759 4004 coniicituris
786 3940 878 4003 iniisse
905 3941 1070 4002 Murrum
1100 3941 1281 4017 Corvinus,
1308 3937 1381 4000 illu-

284 4042 450 4104 strissimus
477 4042 542 4104 llex
571 4041 773 4124 Hungariae,
801 4042 855 4122 qui
878 4040 1073 4104 membranas
1100 4050 1220 4102 nostras
1247 4036 1322 4098 olim
1347 4040 1382 4100 in

285 4140 404 4206 celebre
424 4139 477 4204 illo
497 4162 552 4205 sua
567 4141 706 4204 Budause
729 4139 914 4202 bibliotheca
928 4140 998 4202 ideo
1013 4141 1110 4204 fertur
1130 4139 1282 4218 babuisse,
1296 4137 1382 4221 quod
