<?xml version="1.0" encoding="UTF-8"?>
<!DOCTYPE html PUBLIC "-//W3C//DTD XHTML 1.0 Transitional//EN"
    "http://www.w3.org/TR/xhtml1/DTD/xhtml1-transitional.dtd">
<html xmlns="http://www.w3.org/1999/xhtml" xml:lang="en" lang="en">
 <head>
  <title>
</title>
<meta http-equiv="Content-Type" content="text/html;charset=utf-8" />
  <meta name='ocr-system' content='tesseract 3.04.00' />
  <meta name='ocr-capabilities' content='ocr_page ocr_carea ocr_par ocr_line ocrx_word'/>
</head>
<body>
  <div class='ocr_page' id='page_1' title='image "./corpusscriptoru40niebgoog/corpusscriptoru40niebgoog_0869.png"; bbox 0 0 3042 4825; ppageno 0'>
   <div class='ocr_carea' id='block_1_1' title="bbox 300 247 1240 365">
    <p class='ocr_par' dir='ltr' id='par_1_1' title="bbox 300 247 1240 365">
     <span class='ocr_line' id='line_1_1' title="bbox 300 247 1240 365; baseline 0.014 -23"><span class='ocrx_word' id='word_1_1' title='bbox 300 275 581 344; x_wconf 73' lang='lat' dir='ltr'>nectareos.</span> <span class='ocrx_word' id='word_1_2' title='bbox 613 278 749 344; x_wconf 76' lang='lat' dir='ltr'>sousa</span> <span class='ocrx_word' id='word_1_3' title='bbox 781 277 951 345; x_wconf 72' lang='lat' dir='ltr'>aanor.</span> <span class='ocrx_word' id='word_1_4' title='bbox 981 279 1022 343; x_wconf 89' lang='lat' dir='ltr'>u.</span> <span class='ocrx_word' id='word_1_5' title='bbox 1044 279 1096 350; x_wconf 82' lang='grc' dir='ltr'>ιι.</span> <span class='ocrx_word' id='word_1_6' title='bbox 1160 247 1240 365; x_wconf 77' lang='lat'>757</span> 
     </span>
    </p>
   </div>
   <div class='ocr_carea' id='block_1_2' title="bbox 104 417 1402 2390">
    <p class='ocr_par' dir='ltr' id='par_1_2' title="bbox 104 417 1402 2390">
     <span class='ocr_line' id='line_1_2' title="bbox 157 417 1247 509; baseline 0.005 -21"><span class='ocrx_word' id='word_1_7' title='bbox 157 423 245 509; x_wconf 78' lang='grc' dir='ltr'><em>πρῶν</em></span> <span class='ocrx_word' id='word_1_8' title='bbox 265 424 459 508; x_wconf 81' lang='grc' dir='ltr'><em>διιουβίτων,</em></span> <span class='ocrx_word' id='word_1_9' title='bbox 492 425 548 491; x_wconf 81' lang='grc' dir='ltr'>τόν</span> <span class='ocrx_word' id='word_1_10' title='bbox 580 427 615 490; x_wconf 72' lang='grc' dir='ltr'>δὲ</span> <span class='ocrx_word' id='word_1_11' title='bbox 636 423 663 490; x_wconf 89' lang='grc' dir='ltr'>δ’</span> <span class='ocrx_word' id='word_1_12' title='bbox 686 424 765 492; x_wconf 74' lang='grc' dir='ltr'><em>κατὰ</em></span> <span class='ocrx_word' id='word_1_13' title='bbox 793 417 890 509; x_wconf 74' lang='grc' dir='ltr'><em>μίσον</em></span> <span class='ocrx_word' id='word_1_14' title='bbox 918 427 976 492; x_wconf 79' lang='grc' dir='ltr'><em>καί</em></span> <span class='ocrx_word' id='word_1_15' title='bbox 1006 425 1106 493; x_wconf 67' lang='lat' dir='ltr'>atria</span> <span class='ocrx_word' id='word_1_16' title='bbox 1130 431 1192 492; x_wconf 84' lang='grc' dir='ltr'>τῶν</span> <span class='ocrx_word' id='word_1_17' title='bbox 1212 431 1247 507; x_wconf 74' lang='grc' dir='ltr'>ἐξ</span> 
     </span>
     <span class='ocr_line' id='line_1_3' title="bbox 155 516 1274 615; baseline 0.004 -30"><span class='ocrx_word' id='word_1_18' title='bbox 155 516 314 610; x_wconf 68' lang='grc' dir='ltr'>Ιἑκατέρων</span> <span class='ocrx_word' id='word_1_19' title='bbox 339 528 446 608; x_wconf 88' lang='grc' dir='ltr'><em>μερῶν</em></span> <span class='ocrx_word' id='word_1_20' title='bbox 471 529 527 590; x_wconf 83' lang='grc' dir='ltr'><em>καί</em></span> <span class='ocrx_word' id='word_1_21' title='bbox 560 529 714 611; x_wconf 89' lang='grc' dir='ltr'><em>λαμπρῶν</em></span> <span class='ocrx_word' id='word_1_22' title='bbox 735 528 921 610; x_wconf 67' lang='lat' dir='ltr'>cleopater.</span> <span class='ocrx_word' id='word_1_23' title='bbox 965 531 1021 592; x_wconf 81' lang='grc' dir='ltr'><em>καί</em></span> <span class='ocrx_word' id='word_1_24' title='bbox 1038 524 1100 592; x_wconf 77' lang='grc' dir='ltr'>σῶν</span> <span class='ocrx_word' id='word_1_25' title='bbox 1119 527 1158 615; x_wconf 78' lang='grc' dir='ltr'><em>τῇ</em></span> <span class='ocrx_word' id='word_1_26' title='bbox 1178 529 1274 590; x_wconf 78' lang='grc' dir='ltr'><em>ἐπι-Β</em></span> 
     </span>
     <span class='ocr_line' id='line_1_4' title="bbox 156 622 1249 713; baseline 0.005 -29"><span class='ocrx_word' id='word_1_27' title='bbox 156 622 264 686; x_wconf 73' lang='lat' dir='ltr'>seriose</span> <span class='ocrx_word' id='word_1_28' title='bbox 290 622 346 688; x_wconf 80' lang='grc' dir='ltr'><em>καί</em></span> <span class='ocrx_word' id='word_1_29' title='bbox 372 625 499 713; x_wconf 79' lang='grc' dir='ltr'><em>εδλοχίρ</em></span> <span class='ocrx_word' id='word_1_30' title='bbox 528 627 587 689; x_wconf 80' lang='grc' dir='ltr'><em>τοῦ</em></span> <span class='ocrx_word' id='word_1_31' title='bbox 607 623 784 709; x_wconf 80' lang='grc' dir='ltr'><em>ἆγιωτοίτου</em></span> <span class='ocrx_word' id='word_1_32' title='bbox 807 625 897 710; x_wconf 78' lang='grc' dir='ltr'><em>ἡμῶν</em></span> <span class='ocrx_word' id='word_1_33' title='bbox 923 623 1123 711; x_wconf 80' lang='grc' dir='ltr'><strong><em>πατριάρχου</em></strong></span> <span class='ocrx_word' id='word_1_34' title='bbox 1144 622 1249 710; x_wconf 76' lang='grc' dir='ltr'><em>ἀπάρ-</em></span> 
     </span>
     <span class='ocr_line' id='line_1_5' title="bbox 157 719 1252 808; baseline 0.005 -26"><span class='ocrx_word' id='word_1_35' title='bbox 157 725 277 802; x_wconf 78' lang='grc' dir='ltr'><em>χεσθαι</em></span> <span class='ocrx_word' id='word_1_36' title='bbox 300 719 419 798; x_wconf 70' lang='lat' dir='ltr'>oriende</span> <span class='ocrx_word' id='word_1_37' title='bbox 438 721 495 808; x_wconf 67' lang='grc' dir='ltr'>τὴν</span> <span class='ocrx_word' id='word_1_38' title='bbox 515 723 624 806; x_wconf 91' lang='grc' dir='ltr'><em>τιμίαν</em></span> <span class='ocrx_word' id='word_1_39' title='bbox 644 728 700 788; x_wconf 85' lang='grc' dir='ltr'><em>καί</em></span> <span class='ocrx_word' id='word_1_40' title='bbox 719 724 873 808; x_wconf 77' lang='grc' dir='ltr'><em>θεὰρετον</em></span> <span class='ocrx_word' id='word_1_41' title='bbox 902 723 1022 789; x_wconf 84' lang='grc' dir='ltr'><em>αἴνεσιν</em></span> <span class='ocrx_word' id='word_1_42' title='bbox 1059 723 1117 808; x_wconf 68' lang='grc' dir='ltr'>τὴν</span> <span class='ocrx_word' id='word_1_43' title='bbox 1149 725 1252 802; x_wconf 73' lang='grc' dir='ltr'><em>ἐξοί-</em></span> 
     </span>
     <span class='ocr_line' id='line_1_6' title="bbox 136 819 1251 909; baseline 0.002 -27"><span class='ocrx_word' id='word_1_44' title='bbox 136 821 249 889; x_wconf 78' lang='grc' dir='ltr'><em>5κείων</em></span> <span class='ocrx_word' id='word_1_45' title='bbox 268 825 401 901; x_wconf 80' lang='grc' dir='ltr'><em>χειλέων</em></span> <span class='ocrx_word' id='word_1_46' title='bbox 420 825 477 888; x_wconf 77' lang='grc' dir='ltr'><em>τοῦ</em></span> <span class='ocrx_word' id='word_1_47' title='bbox 499 819 684 909; x_wconf 77' lang='grc' dir='ltr'><em>σοφωτάτου</em></span> <span class='ocrx_word' id='word_1_48' title='bbox 712 821 770 888; x_wconf 87' lang='grc' dir='ltr'><strong><em>καί</em></strong></span> <span class='ocrx_word' id='word_1_49' title='bbox 791 821 1026 908; x_wconf 74' lang='grc' dir='ltr'><em>θεοπροβλὴτου</em></span> <span class='ocrx_word' id='word_1_50' title='bbox 1045 823 1137 908; x_wconf 77' lang='grc' dir='ltr'><em>ἡμῶν</em></span> <span class='ocrx_word' id='word_1_51' title='bbox 1156 829 1251 905; x_wconf 77' lang='grc' dir='ltr'><em>βασι-</em></span> 
     </span>
     <span class='ocr_line' id='line_1_7' title="bbox 158 915 1318 1009; baseline 0.002 -29"><span class='ocrx_word' id='word_1_52' title='bbox 158 916 238 992; x_wconf 76' lang='grc' dir='ltr'><em>λέως</em></span> <span class='ocrx_word' id='word_1_53' title='bbox 266 921 407 995; x_wconf 75' lang='grc' dir='ltr'><em>Λέοντος</em></span> <span class='ocrx_word' id='word_1_54' title='bbox 434 924 684 1009; x_wconf 70' lang='grc' dir='ltr'><em>λξυφανθεῑσαν,</em></span> <span class='ocrx_word' id='word_1_55' title='bbox 716 923 773 986; x_wconf 85' lang='grc' dir='ltr'><em>καί</em></span> <span class='ocrx_word' id='word_1_56' title='bbox 792 915 859 1003; x_wconf 76' lang='grc' dir='ltr'><em>ἅμα</em></span> <span class='ocrx_word' id='word_1_57' title='bbox 885 925 925 1009; x_wconf 81' lang='grc' dir='ltr'><em>τῇ</em></span> <span class='ocrx_word' id='word_1_58' title='bbox 954 921 1053 1006; x_wconf 58' lang='lat' dir='ltr'>adria</span> <span class='ocrx_word' id='word_1_59' title='bbox 1072 920 1252 1006; x_wconf 75' lang='grc' dir='ltr'><em>ε’κφωνὴοει</em></span> <span class='ocrx_word' id='word_1_60' title='bbox 1312 974 1318 982; x_wconf 88' lang='grc'><strong>.</strong></span> 
     </span>
     <span class='ocr_line' id='line_1_8' title="bbox 159 1012 1253 1106; baseline 0.005 -29"><span class='ocrx_word' id='word_1_61' title='bbox 159 1015 214 1078; x_wconf 82' lang='grc' dir='ltr'><em>καί</em></span> <span class='ocrx_word' id='word_1_62' title='bbox 232 1021 415 1106; x_wconf 79' lang='grc' dir='ltr'><em>πολυτέχνῳ</em></span> <span class='ocrx_word' id='word_1_63' title='bbox 438 1023 496 1104; x_wconf 77' lang='grc' dir='ltr'><em>τῆς</em></span> <span class='ocrx_word' id='word_1_64' title='bbox 515 1023 720 1105; x_wconf 71' lang='grc' dir='ltr'>χειρονομίας</span> <span class='ocrx_word' id='word_1_65' title='bbox 740 1017 861 1105; x_wconf 73' lang='grc' dir='ltr'><em>κινήσει</em></span> <span class='ocrx_word' id='word_1_66' title='bbox 880 1012 1089 1103; x_wconf 78' lang='grc' dir='ltr'><em>ὁμοθυμαδὸν</em></span> <span class='ocrx_word' id='word_1_67' title='bbox 1109 1016 1253 1096; x_wconf 79' lang='grc' dir='ltr'><em>ἅπαντας</em></span> 
     </span>
     <span class='ocr_line' id='line_1_9' title="bbox 104 1111 1309 1207; baseline -0.004 -16"><span class='ocrx_word' id='word_1_68' title='bbox 104 1199 106 1202; x_wconf 48' lang='grc'><em>,</em></span> <span class='ocrx_word' id='word_1_69' title='bbox 157 1111 233 1190; x_wconf 66' lang='lat'>‘⁰¹39</span> <span class='ocrx_word' id='word_1_70' title='bbox 253 1115 477 1199; x_wconf 75' lang='grc' dir='ltr'><em>ἀνακειμένους</em></span> <span class='ocrx_word' id='word_1_71' title='bbox 496 1111 583 1207; x_wconf 77' lang='grc' dir='ltr'><em>ᾅδειν</em></span> <span class='ocrx_word' id='word_1_72' title='bbox 603 1125 660 1188; x_wconf 87' lang='grc' dir='ltr'><em>καί</em></span> <span class='ocrx_word' id='word_1_73' title='bbox 677 1118 880 1204; x_wconf 78' lang='grc' dir='ltr'><em>συμψοὶλλιιν</em></span> <span class='ocrx_word' id='word_1_74' title='bbox 908 1119 945 1185; x_wconf 86' lang='grc' dir='ltr'><em>τδ</em></span> <span class='ocrx_word' id='word_1_75' title='bbox 968 1119 1068 1206; x_wconf 75' lang='grc' dir='ltr'><em>ῥηθὲν</em></span> <span class='ocrx_word' id='word_1_76' title='bbox 1096 1118 1182 1206; x_wconf 78' lang='grc' dir='ltr'><em>ἱερὸν</em></span> <span class='ocrx_word' id='word_1_77' title='bbox 1213 1111 1254 1206; x_wconf 74' lang='grc' dir='ltr'><strong><em>ᾇ</em></strong></span> <span class='ocrx_word' id='word_1_78' title='bbox 1306 1182 1309 1186; x_wconf 87' lang='grc'>.</span> 
     </span>
     <span class='ocr_line' id='line_1_10' title="bbox 162 1211 1254 1303; baseline 0.004 -27"><span class='ocrx_word' id='word_1_79' title='bbox 162 1237 230 1293; x_wconf 89' lang='grc' dir='ltr'>σμα</span> <span class='ocrx_word' id='word_1_80' title='bbox 257 1211 295 1278; x_wconf 86' lang='grc' dir='ltr'>τὸ</span> <span class='ocrx_word' id='word_1_81' title='bbox 316 1218 352 1281; x_wconf 70' lang='grc' dir='ltr'>ἐκ</span> <span class='ocrx_word' id='word_1_82' title='bbox 373 1222 569 1302; x_wconf 81' lang='grc' dir='ltr'><em>μελισταγῶν</em></span> <span class='ocrx_word' id='word_1_83' title='bbox 587 1221 722 1303; x_wconf 70' lang='grc' dir='ltr'><em>χειλέων</em></span> <span class='ocrx_word' id='word_1_84' title='bbox 741 1217 900 1299; x_wconf 78' lang='grc' dir='ltr'><em>οταλοῖξαν</em></span> <span class='ocrx_word' id='word_1_85' title='bbox 921 1214 1022 1284; x_wconf 75' lang='grc' dir='ltr'><em>δι’πασι</em></span> <span class='ocrx_word' id='word_1_86' title='bbox 1048 1227 1113 1296; x_wconf 79' lang='grc' dir='ltr'><em>τοῖς</em></span> <span class='ocrx_word' id='word_1_87' title='bbox 1132 1225 1254 1291; x_wconf 78' lang='grc' dir='ltr'><em>πιστοῖς</em></span> 
     </span>
     <span class='ocr_line' id='line_1_11' title="bbox 121 1311 1254 1404; baseline 0.004 -28"><span class='ocrx_word' id='word_1_88' title='bbox 121 1311 320 1394; x_wconf 80' lang='grc' dir='ltr'><em>ιοδπηκόοις.</em></span> <span class='ocrx_word' id='word_1_89' title='bbox 359 1315 442 1397; x_wconf 74' lang='grc' dir='ltr'><em>μετὰ</em></span> <span class='ocrx_word' id='word_1_90' title='bbox 465 1319 500 1382; x_wconf 75' lang='grc' dir='ltr'>δὲ</span> <span class='ocrx_word' id='word_1_91' title='bbox 521 1315 580 1402; x_wconf 75' lang='grc' dir='ltr'>τήν</span> <span class='ocrx_word' id='word_1_92' title='bbox 599 1317 774 1404; x_wconf 86' lang='grc' dir='ltr'><em>περαίωσιν</em></span> <span class='ocrx_word' id='word_1_93' title='bbox 793 1322 850 1402; x_wconf 83' lang='grc' dir='ltr'><em>τῆς</em></span> <span class='ocrx_word' id='word_1_94' title='bbox 870 1320 1112 1403; x_wconf 78' lang='grc' dir='ltr'><em>δωδεκαημέρου</em></span> <span class='ocrx_word' id='word_1_95' title='bbox 1135 1316 1254 1400; x_wconf 79' lang='grc' dir='ltr'><em>ταύτης</em></span> 
     </span>
     <span class='ocr_line' id='line_1_12' title="bbox 160 1407 1250 1503; baseline 0.004 -30"><span class='ocrx_word' id='word_1_96' title='bbox 160 1413 223 1475; x_wconf 88' lang='grc' dir='ltr'>τῶν</span> <span class='ocrx_word' id='word_1_97' title='bbox 240 1407 360 1496; x_wconf 74' lang='grc' dir='ltr'><em>ἑορτῶν</em></span> <span class='ocrx_word' id='word_1_98' title='bbox 379 1415 518 1498; x_wconf 77' lang='grc' dir='ltr'><em>εδωχίας</em></span> <span class='ocrx_word' id='word_1_99' title='bbox 534 1409 668 1484; x_wconf 73' lang='grc' dir='ltr'><em>τελεῖται</em></span> <span class='ocrx_word' id='word_1_100' title='bbox 689 1411 769 1503; x_wconf 75' lang='grc' dir='ltr'><em>ἄλλη</em></span> <span class='ocrx_word' id='word_1_101' title='bbox 789 1419 962 1502; x_wconf 71' lang='grc' dir='ltr'><em>μεδέορτος</em></span> <span class='ocrx_word' id='word_1_102' title='bbox 982 1416 1086 1500; x_wconf 81' lang='grc' dir='ltr'><em>ἡμέρα</em></span> <span class='ocrx_word' id='word_1_103' title='bbox 1109 1417 1250 1496; x_wconf 73' lang='grc' dir='ltr'><em>διξᾲιου,</em></span> 
     </span>
     <span class='ocr_line' id='line_1_13' title="bbox 161 1510 1279 1604; baseline 0.002 -33"><span class='ocrx_word' id='word_1_104' title='bbox 161 1510 304 1595; x_wconf 78' lang='grc' dir='ltr'><em>φέρουσα</em></span> <span class='ocrx_word' id='word_1_105' title='bbox 332 1512 476 1588; x_wconf 76' lang='grc' dir='ltr'><em>δεξίωσιν</em></span> <span class='ocrx_word' id='word_1_106' title='bbox 499 1513 582 1595; x_wconf 82' lang='grc' dir='ltr'><em>μετὰ</em></span> <span class='ocrx_word' id='word_1_107' title='bbox 609 1515 767 1597; x_wconf 80' lang='grc' dir='ltr'><em>σαξίμου.</em></span> <span class='ocrx_word' id='word_1_108' title='bbox 806 1515 896 1604; x_wconf 82' lang='grc' dir='ltr'><em>τδπῳ</em></span> <span class='ocrx_word' id='word_1_109' title='bbox 920 1514 980 1600; x_wconf 78' lang='grc' dir='ltr'>γὰρ</span> <span class='ocrx_word' id='word_1_110' title='bbox 1006 1511 1194 1597; x_wconf 62' lang='grc' dir='ltr'><em>τχλοιίμενον</em></span> <span class='ocrx_word' id='word_1_111' title='bbox 1211 1511 1279 1578; x_wconf 72' lang='lat' dir='ltr'>sic</span> 
     </span>
     <span class='ocr_line' id='line_1_14' title="bbox 160 1608 1402 1699; baseline 0 -24"><span class='ocrx_word' id='word_1_112' title='bbox 160 1611 223 1672; x_wconf 78' lang='grc' dir='ltr'><em>τοῦ</em></span> <span class='ocrx_word' id='word_1_113' title='bbox 246 1608 373 1689; x_wconf 58' lang='lat' dir='ltr'>territos</span> <span class='ocrx_word' id='word_1_114' title='bbox 403 1613 518 1694; x_wconf 78' lang='grc' dir='ltr'><em>πέρας,</em></span> <span class='ocrx_word' id='word_1_115' title='bbox 556 1610 660 1699; x_wconf 71' lang='grc' dir='ltr'><em>ι’δικὴν</em></span> <span class='ocrx_word' id='word_1_116' title='bbox 687 1639 759 1678; x_wconf 86' lang='grc' dir='ltr'><em>τινα</em></span> <span class='ocrx_word' id='word_1_117' title='bbox 787 1613 982 1678; x_wconf 75' lang='grc' dir='ltr'><em>κατίστασιν</em></span> <span class='ocrx_word' id='word_1_118' title='bbox 1007 1610 1126 1695; x_wconf 64' lang='grc' dir='ltr'><em>εῶάχει</em></span> <span class='ocrx_word' id='word_1_119' title='bbox 1146 1611 1402 1676; x_wconf 63' lang='lat' dir='ltr'>scearamton</span> 
     </span>
     <span class='ocr_line' id='line_1_15' title="bbox 161 1703 1255 1797; baseline 0.005 -29"><span class='ocrx_word' id='word_1_120' title='bbox 161 1705 192 1773; x_wconf 87' lang='lat' dir='ltr'>oi</span> <span class='ocrx_word' id='word_1_121' title='bbox 210 1703 272 1788; x_wconf 80' lang='grc' dir='ltr'>γὰρ</span> <span class='ocrx_word' id='word_1_122' title='bbox 294 1705 522 1793; x_wconf 81' lang='grc' dir='ltr'><em>θεοπρόβλητοι</em></span> <span class='ocrx_word' id='word_1_123' title='bbox 541 1715 638 1797; x_wconf 79' lang='grc' dir='ltr'><em>σοφοί</em></span> <span class='ocrx_word' id='word_1_124' title='bbox 658 1711 812 1777; x_wconf 80' lang='grc' dir='ltr'><em>δεσπόται</em></span> <span class='ocrx_word' id='word_1_125' title='bbox 837 1709 920 1792; x_wconf 66' lang='lat' dir='ltr'>aad</span> <span class='ocrx_word' id='word_1_126' title='bbox 939 1708 1000 1795; x_wconf 68' lang='grc' dir='ltr'>τήν</span> <span class='ocrx_word' id='word_1_127' title='bbox 1020 1708 1176 1776; x_wconf 73' lang='grc' dir='ltr'><em>ἀπόλυσιν</em></span> <span class='ocrx_word' id='word_1_128' title='bbox 1195 1713 1255 1774; x_wconf 75' lang='grc' dir='ltr'><em>τοῦ</em></span> 
     </span>
     <span class='ocr_line' id='line_1_16' title="bbox 123 1805 1253 1894; baseline 0 -22"><span class='ocrx_word' id='word_1_129' title='bbox 123 1809 295 1874; x_wconf 73' lang='grc' dir='ltr'><em>εὸτυπικοῦ</em></span> <span class='ocrx_word' id='word_1_130' title='bbox 314 1806 440 1887; x_wconf 83' lang='grc' dir='ltr'><em>δεξίμου</em></span> <span class='ocrx_word' id='word_1_131' title='bbox 461 1813 711 1894; x_wconf 76' lang='grc' dir='ltr'><em>προκαθέζονται</em></span> <span class='ocrx_word' id='word_1_132' title='bbox 736 1809 834 1874; x_wconf 78' lang='grc' dir='ltr'><em>πάλιν</em></span> <span class='ocrx_word' id='word_1_133' title='bbox 859 1812 906 1886; x_wconf 82' lang='grc' dir='ltr'><em>εἷς</em></span> <span class='ocrx_word' id='word_1_134' title='bbox 934 1814 1058 1875; x_wconf 77' lang='grc' dir='ltr'><em>πολλῶν</em></span> <span class='ocrx_word' id='word_1_135' title='bbox 1077 1805 1253 1893; x_wconf 76' lang='grc' dir='ltr'><em>ἀντίληψιν,</em></span> 
     </span>
     <span class='ocr_line' id='line_1_17' title="bbox 162 1902 1257 1994; baseline 0.005 -28"><span class='ocrx_word' id='word_1_136' title='bbox 162 1902 219 1968; x_wconf 82' lang='grc' dir='ltr'><em>καί</em></span> <span class='ocrx_word' id='word_1_137' title='bbox 247 1911 381 1970; x_wconf 78' lang='grc' dir='ltr'><em>τελεῖται</em></span> <span class='ocrx_word' id='word_1_138' title='bbox 411 1903 447 1970; x_wconf 81' lang='grc' dir='ltr'><em>τὸ</em></span> <span class='ocrx_word' id='word_1_139' title='bbox 470 1907 645 1993; x_wconf 85' lang='grc' dir='ltr'><em>κλητῶριον</em></span> <span class='ocrx_word' id='word_1_140' title='bbox 669 1910 725 1972; x_wconf 80' lang='grc' dir='ltr'><em>ἐπί</em></span> <span class='ocrx_word' id='word_1_141' title='bbox 743 1909 922 1994; x_wconf 82' lang='grc' dir='ltr'><em>οἰποκοπτῆς</em></span> <span class='ocrx_word' id='word_1_142' title='bbox 948 1912 1125 1994; x_wconf 79' lang='grc' dir='ltr'><em>τραπέζης,</em></span> <span class='ocrx_word' id='word_1_143' title='bbox 1156 1909 1192 1971; x_wconf 72' lang='grc' dir='ltr'>ἐν</span> <span class='ocrx_word' id='word_1_144' title='bbox 1211 1909 1257 1994; x_wconf 74' lang='grc' dir='ltr'><em>τῷ</em></span> 
     </span>
     <span class='ocr_line' id='line_1_18' title="bbox 163 2000 1257 2093; baseline 0.003 -28"><span class='ocrx_word' id='word_1_145' title='bbox 163 2000 373 2090; x_wconf 75' lang='grc' dir='ltr'><em>λαμπροτάτῳ</em></span> <span class='ocrx_word' id='word_1_146' title='bbox 391 2005 537 2093; x_wconf 85' lang='grc' dir='ltr'><em>τρικλίνῳ</em></span> <span class='ocrx_word' id='word_1_147' title='bbox 563 2007 786 2072; x_wconf 77' lang='grc' dir='ltr'><em>’ίουοτινιανοιῖ</em></span> <span class='ocrx_word' id='word_1_148' title='bbox 804 2009 865 2072; x_wconf 73' lang='grc' dir='ltr'><em>τοῦ</em></span> <span class='ocrx_word' id='word_1_149' title='bbox 881 2006 1039 2092; x_wconf 78' lang='grc' dir='ltr'><em>μεγάλου,</em></span> <span class='ocrx_word' id='word_1_150' title='bbox 1060 2007 1131 2086; x_wconf 69' lang='grc' dir='ltr'>ικαί</span> <span class='ocrx_word' id='word_1_151' title='bbox 1150 2000 1204 2070; x_wconf 75' lang='lat' dir='ltr'>ort</span> <span class='ocrx_word' id='word_1_152' title='bbox 1218 2006 1257 2089; x_wconf 80' lang='grc' dir='ltr'><em>ἧ</em></span> 
     </span>
     <span class='ocr_line' id='line_1_19' title="bbox 163 2100 1259 2193; baseline 0.004 -29"><span class='ocrx_word' id='word_1_153' title='bbox 163 2103 229 2181; x_wconf 84' lang='grc' dir='ltr'><em>μοῖς</em></span> <span class='ocrx_word' id='word_1_154' title='bbox 254 2100 446 2185; x_wconf 70' lang='grc' dir='ltr'><em>εὐτρεπίζειν</em></span> <span class='ocrx_word' id='word_1_155' title='bbox 472 2107 518 2179; x_wconf 85' lang='grc' dir='ltr'><em>εἰς</em></span> <span class='ocrx_word' id='word_1_156' title='bbox 544 2107 745 2172; x_wconf 83' lang='grc' dir='ltr'><em>συνεστίασιν</em></span> <span class='ocrx_word' id='word_1_157' title='bbox 771 2109 836 2170; x_wconf 84' lang='grc' dir='ltr'>τῶν</span> <span class='ocrx_word' id='word_1_158' title='bbox 861 2110 1020 2187; x_wconf 79' lang='grc' dir='ltr'><em>βασιλέων</em></span> <span class='ocrx_word' id='word_1_159' title='bbox 1048 2109 1164 2193; x_wconf 86' lang='grc' dir='ltr'><em>φίλους</em></span> <span class='ocrx_word' id='word_1_160' title='bbox 1182 2103 1259 2180; x_wconf 72' lang='lat' dir='ltr'>roric</span> 
     </span>
     <span class='ocr_line' id='line_1_20' title="bbox 164 2195 1258 2288; baseline 0.005 -27"><span class='ocrx_word' id='word_1_161' title='bbox 164 2198 228 2262; x_wconf 85' lang='grc' dir='ltr'>δκὸ</span> <span class='ocrx_word' id='word_1_162' title='bbox 243 2196 420 2282; x_wconf 79' lang='grc' dir='ltr'><em>καμποὶγιον</em></span> <span class='ocrx_word' id='word_1_163' title='bbox 436 2195 590 2282; x_wconf 78' lang='grc' dir='ltr'><em>ἅπαντας,</em></span> <span class='ocrx_word' id='word_1_164' title='bbox 610 2195 767 2287; x_wconf 82' lang='grc' dir='ltr'><em>ι’ίρχοντας</em></span> <span class='ocrx_word' id='word_1_165' title='bbox 778 2205 833 2286; x_wconf 78' lang='grc' dir='ltr'><em>τῆς</em></span> <span class='ocrx_word' id='word_1_166' title='bbox 845 2200 1033 2288; x_wconf 73' lang='grc' dir='ltr'><em>συγκλήτου,</em></span> <span class='ocrx_word' id='word_1_167' title='bbox 1055 2204 1118 2270; x_wconf 84' lang='grc' dir='ltr'><em>α’ττό</em></span> <span class='ocrx_word' id='word_1_168' title='bbox 1138 2227 1174 2267; x_wconf 86' lang='grc' dir='ltr'>τε</span> <span class='ocrx_word' id='word_1_169' title='bbox 1193 2229 1258 2284; x_wconf 72' lang='grc' dir='ltr'><em>μα·</em></span> 
     </span>
     <span class='ocr_line' id='line_1_21' title="bbox 125 2294 1259 2390; baseline 0.004 -27"><span class='ocrx_word' id='word_1_170' title='bbox 125 2299 312 2386; x_wconf 63' lang='grc' dir='ltr'><em>ιογίστρων,</em></span> <span class='ocrx_word' id='word_1_171' title='bbox 332 2294 527 2366; x_wconf 66' lang='grc' dir='ltr'><em>ἀνθυπάτων</em></span> <span class='ocrx_word' id='word_1_172' title='bbox 545 2301 717 2386; x_wconf 86' lang='grc' dir='ltr'><em>πατρικίων</em></span> <span class='ocrx_word' id='word_1_173' title='bbox 735 2303 962 2390; x_wconf 75' lang='grc' dir='ltr'><em>δῳφικωλιλιιν,</em></span> <span class='ocrx_word' id='word_1_174' title='bbox 982 2307 1157 2386; x_wconf 75' lang='grc' dir='ltr'><em>βασιλικῶν</em></span> <span class='ocrx_word' id='word_1_175' title='bbox 1170 2327 1259 2389; x_wconf 80' lang='grc' dir='ltr'><em>πρω-</em></span> 
     </span>
    </p>
   </div>
   <div class='ocr_carea' id='block_1_3' title="bbox 237 2434 733 2511">
    <p class='ocr_par' dir='ltr' id='par_1_3' title="bbox 237 2434 733 2511">
     <span class='ocr_line' id='line_1_22' title="bbox 237 2434 733 2511; baseline 0.002 -22"><span class='ocrx_word' id='word_1_176' title='bbox 237 2436 261 2489; x_wconf 84' lang='grc'>5.</span> <span class='ocrx_word' id='word_1_177' title='bbox 279 2434 386 2509; x_wconf 81' lang='grc' dir='ltr'><em>χειρῶν</em></span> <span class='ocrx_word' id='word_1_178' title='bbox 403 2440 473 2492; x_wconf 85' lang='lat' dir='ltr'>conl.</span> <span class='ocrx_word' id='word_1_179' title='bbox 491 2438 521 2489; x_wconf 88' lang='lat' dir='ltr'>il.</span> <span class='ocrx_word' id='word_1_180' title='bbox 538 2455 588 2511; x_wconf 90' lang='lat' dir='ltr'>pro</span> <span class='ocrx_word' id='word_1_181' title='bbox 605 2439 733 2508; x_wconf 74' lang='grc' dir='ltr'><em>χειλέων.</em></span> 
     </span>
    </p>
   </div>
   <div class='ocr_carea' id='block_1_4' title="bbox 167 2547 1275 4239">
    <p class='ocr_par' dir='ltr' id='par_1_4' title="bbox 167 2547 1275 4239">
     <span class='ocr_line' id='line_1_23' title="bbox 167 2547 1260 2624; baseline 0 -25"><span class='ocrx_word' id='word_1_182' title='bbox 167 2554 245 2621; x_wconf 88' lang='lat' dir='ltr'>parte</span> <span class='ocrx_word' id='word_1_183' title='bbox 263 2564 433 2614; x_wconf 86' lang='lat' dir='ltr'>mensarum,</span> <span class='ocrx_word' id='word_1_184' title='bbox 461 2568 550 2603; x_wconf 89' lang='lat' dir='ltr'>nonae</span> <span class='ocrx_word' id='word_1_185' title='bbox 574 2551 682 2604; x_wconf 89' lang='lat' dir='ltr'>scilicet</span> <span class='ocrx_word' id='word_1_186' title='bbox 699 2568 787 2624; x_wconf 87' lang='lat' dir='ltr'>usque</span> <span class='ocrx_word' id='word_1_187' title='bbox 812 2548 848 2603; x_wconf 82' lang='lat' dir='ltr'>od</span> <span class='ocrx_word' id='word_1_188' title='bbox 872 2550 1075 2614; x_wconf 68' lang='lat' dir='ltr'>duodecimam</span> <span class='ocrx_word' id='word_1_189' title='bbox 1104 2555 1133 2601; x_wconf 88' lang='lat' dir='ltr'>et</span> <span class='ocrx_word' id='word_1_190' title='bbox 1149 2547 1260 2600; x_wconf 78' lang='lat' dir='ltr'>tandem</span> 
     </span>
     <span class='ocr_line' id='line_1_24' title="bbox 168 2618 1260 2691; baseline -0.002 -20"><span class='ocrx_word' id='word_1_191' title='bbox 168 2626 296 2691; x_wconf 79' lang='lat' dir='ltr'>quartum</span> <span class='ocrx_word' id='word_1_192' title='bbox 324 2618 502 2675; x_wconf 84' lang='lat' dir='ltr'>domesticum</span> <span class='ocrx_word' id='word_1_193' title='bbox 526 2622 557 2674; x_wconf 90' lang='lat' dir='ltr'>ln</span> <span class='ocrx_word' id='word_1_194' title='bbox 584 2620 676 2675; x_wconf 84' lang='lat' dir='ltr'>medio</span> <span class='ocrx_word' id='word_1_195' title='bbox 704 2636 752 2673; x_wconf 79' lang='lat' dir='ltr'>sex</span> <span class='ocrx_word' id='word_1_196' title='bbox 776 2621 946 2690; x_wconf 87' lang='lat' dir='ltr'>reliquarum</span> <span class='ocrx_word' id='word_1_197' title='bbox 980 2638 1015 2673; x_wconf 84' lang='lat' dir='ltr'>ex</span> <span class='ocrx_word' id='word_1_198' title='bbox 1037 2628 1154 2688; x_wconf 83' lang='lat' dir='ltr'>utraque</span> <span class='ocrx_word' id='word_1_199' title='bbox 1181 2626 1260 2687; x_wconf 86' lang='lat' dir='ltr'>parte</span> 
     </span>
     <span class='ocr_line' id='line_1_25' title="bbox 168 2686 1261 2761; baseline -0.002 -19"><span class='ocrx_word' id='word_1_200' title='bbox 168 2686 373 2759; x_wconf 79' lang='lat' dir='ltr'>splendidarum</span> <span class='ocrx_word' id='word_1_201' title='bbox 400 2707 562 2743; x_wconf 85' lang='lat' dir='ltr'>mensarum.</span> <span class='ocrx_word' id='word_1_202' title='bbox 599 2690 655 2743; x_wconf 86' lang='lat' dir='ltr'>Hos</span> <span class='ocrx_word' id='word_1_203' title='bbox 681 2690 722 2742; x_wconf 89' lang='lat' dir='ltr'>ita</span> <span class='ocrx_word' id='word_1_204' title='bbox 746 2689 895 2759; x_wconf 84' lang='lat' dir='ltr'>dispositos</span> <span class='ocrx_word' id='word_1_205' title='bbox 914 2690 1061 2761; x_wconf 83' lang='lat' dir='ltr'>imperavit</span> <span class='ocrx_word' id='word_1_206' title='bbox 1078 2688 1151 2751; x_wconf 84' lang='lat' dir='ltr'>Leo,</span> <span class='ocrx_word' id='word_1_207' title='bbox 1176 2689 1261 2740; x_wconf 87' lang='lat' dir='ltr'>simui</span> 
     </span>
     <span class='ocr_line' id='line_1_26' title="bbox 169 2758 1260 2829; baseline -0.004 -16"><span class='ocrx_word' id='word_1_208' title='bbox 169 2776 202 2813; x_wconf 75' lang='lat' dir='ltr'>ac</span> <span class='ocrx_word' id='word_1_209' title='bbox 219 2767 316 2811; x_wconf 88' lang='lat' dir='ltr'>nutum</span> <span class='ocrx_word' id='word_1_210' title='bbox 332 2758 411 2812; x_wconf 81' lang='lat' dir='ltr'>daret</span> <span class='ocrx_word' id='word_1_211' title='bbox 433 2768 463 2812; x_wconf 86' lang='lat' dir='ltr'>et</span> <span class='ocrx_word' id='word_1_212' title='bbox 485 2759 713 2813; x_wconf 79' lang='lat' dir='ltr'>benedictionem</span> <span class='ocrx_word' id='word_1_213' title='bbox 736 2761 931 2829; x_wconf 82' lang='lat' dir='ltr'>pronuntiaret</span> <span class='ocrx_word' id='word_1_214' title='bbox 956 2760 1260 2812; x_wconf 68' lang='lat' dir='ltr'>mandarimusooster</span> 
     </span>
     <span class='ocr_line' id='line_1_27' title="bbox 168 2828 1260 2912; baseline -0.001 -32"><span class='ocrx_word' id='word_1_215' title='bbox 168 2829 340 2899; x_wconf 85' lang='lat' dir='ltr'>patriarcha,</span> <span class='ocrx_word' id='word_1_216' title='bbox 359 2828 477 2881; x_wconf 80' lang='lat' dir='ltr'>exordiri</span> <span class='ocrx_word' id='word_1_217' title='bbox 498 2838 621 2883; x_wconf 79' lang='lat' dir='ltr'>sanctum</span> <span class='ocrx_word' id='word_1_218' title='bbox 640 2831 756 2900; x_wconf 89' lang='lat' dir='ltr'>Deoque</span> <span class='ocrx_word' id='word_1_219' title='bbox 771 2838 876 2900; x_wconf 77' lang='lat' dir='ltr'>gratum</span> <span class='ocrx_word' id='word_1_220' title='bbox 890 2829 1034 2898; x_wconf 83' lang='lat' dir='ltr'>hymnum,</span> <span class='ocrx_word' id='word_1_221' title='bbox 1053 2843 1136 2912; x_wconf 72' lang='lat' dir='ltr'>quem</span> <span class='ocrx_word' id='word_1_222' title='bbox 1149 2830 1260 2896; x_wconf 75' lang='lat' dir='ltr'>sapien-</span> 
     </span>
     <span class='ocr_line' id='line_1_28' title="bbox 168 2898 1264 2969; baseline -0.002 -19"><span class='ocrx_word' id='word_1_223' title='bbox 168 2898 291 2950; x_wconf 88' lang='lat' dir='ltr'>tissimus</span> <span class='ocrx_word' id='word_1_224' title='bbox 309 2907 369 2951; x_wconf 87' lang='lat' dir='ltr'>eta</span> <span class='ocrx_word' id='word_1_225' title='bbox 387 2901 446 2951; x_wconf 89' lang='lat' dir='ltr'>Deo</span> <span class='ocrx_word' id='word_1_226' title='bbox 465 2901 567 2951; x_wconf 87' lang='lat' dir='ltr'>electus</span> <span class='ocrx_word' id='word_1_227' title='bbox 586 2898 661 2952; x_wconf 87' lang='lat' dir='ltr'>idom</span> <span class='ocrx_word' id='word_1_228' title='bbox 678 2909 772 2952; x_wconf 85' lang='lat' dir='ltr'>noster</span> <span class='ocrx_word' id='word_1_229' title='bbox 791 2904 942 2969; x_wconf 79' lang='lat' dir='ltr'>Imperator</span> <span class='ocrx_word' id='word_1_230' title='bbox 959 2901 1089 2959; x_wconf 54' lang='grc' dir='ltr'><em>λεια-εισι</em></span> <span class='ocrx_word' id='word_1_231' title='bbox 1116 2900 1176 2965; x_wconf 84' lang='lat' dir='ltr'>ipse</span> <span class='ocrx_word' id='word_1_232' title='bbox 1201 2914 1264 2948; x_wconf 86' lang='lat' dir='ltr'>mn·</span> 
     </span>
     <span class='ocr_line' id='line_1_29' title="bbox 169 2966 1263 3040; baseline -0.004 -19"><span class='ocrx_word' id='word_1_233' title='bbox 169 2969 252 3021; x_wconf 87' lang='lat' dir='ltr'>nibus</span> <span class='ocrx_word' id='word_1_234' title='bbox 279 2972 423 3021; x_wconf 74' lang='lat' dir='ltr'><strong>contexuit</strong></span> <span class='ocrx_word' id='word_1_235' title='bbox 446 2978 474 3021; x_wconf 89' lang='lat' dir='ltr'>et</span> <span class='ocrx_word' id='word_1_236' title='bbox 497 2972 635 3033; x_wconf 79' lang='lat' dir='ltr'>exoravit,</span> <span class='ocrx_word' id='word_1_237' title='bbox 663 2976 692 3021; x_wconf 86' lang='lat' dir='ltr'>et</span> <span class='ocrx_word' id='word_1_238' title='bbox 717 2971 755 3022; x_wconf 84' lang='lat' dir='ltr'>sic</span> <span class='ocrx_word' id='word_1_239' title='bbox 783 2987 864 3040; x_wconf 91' lang='lat' dir='ltr'>porro</span> <span class='ocrx_word' id='word_1_240' title='bbox 890 2968 1082 3023; x_wconf 85' lang='lat' dir='ltr'>occumbentes</span> <span class='ocrx_word' id='word_1_241' title='bbox 1108 2982 1201 3020; x_wconf 87' lang='lat' dir='ltr'>omnes</span> <span class='ocrx_word' id='word_1_242' title='bbox 1225 2966 1263 3017; x_wconf 87' lang='lat' dir='ltr'>ad</span> 
     </span>
     <span class='ocr_line' id='line_1_30' title="bbox 171 3036 1262 3111; baseline -0.006 -18"><span class='ocrx_word' id='word_1_243' title='bbox 171 3038 312 3093; x_wconf 77' lang='lat' dir='ltr'>exordium</span> <span class='ocrx_word' id='word_1_244' title='bbox 331 3056 347 3090; x_wconf 88' lang='lat' dir='ltr'>a</span> <span class='ocrx_word' id='word_1_245' title='bbox 365 3039 522 3092; x_wconf 73' lang='lat' dir='ltr'>domesticis</span> <span class='ocrx_word' id='word_1_246' title='bbox 548 3041 650 3093; x_wconf 83' lang='lat' dir='ltr'>iactum</span> <span class='ocrx_word' id='word_1_247' title='bbox 678 3039 832 3111; x_wconf 75' lang='lat' dir='ltr'>iisdemque</span> <span class='ocrx_word' id='word_1_248' title='bbox 856 3040 1003 3092; x_wconf 80' lang='lat' dir='ltr'>artificiosa</span> <span class='ocrx_word' id='word_1_249' title='bbox 1029 3045 1058 3089; x_wconf 88' lang='lat' dir='ltr'>et</span> <span class='ocrx_word' id='word_1_250' title='bbox 1077 3036 1184 3090; x_wconf 82' lang='lat' dir='ltr'>erudita</span> <span class='ocrx_word' id='word_1_251' title='bbox 1202 3054 1262 3087; x_wconf 87' lang='lat' dir='ltr'>rna-</span> 
     </span>
     <span class='ocr_line' id='line_1_31' title="bbox 170 3108 1264 3177; baseline -0.003 -16"><span class='ocrx_word' id='word_1_252' title='bbox 170 3124 256 3161; x_wconf 87' lang='lat' dir='ltr'>nuum</span> <span class='ocrx_word' id='word_1_253' title='bbox 275 3108 425 3175; x_wconf 73' lang='lat' dir='ltr'>agitatione</span> <span class='ocrx_word' id='word_1_254' title='bbox 444 3119 606 3163; x_wconf 85' lang='lat' dir='ltr'>concentum</span> <span class='ocrx_word' id='word_1_255' title='bbox 624 3108 808 3177; x_wconf 69' lang='lat' dir='ltr'>dirigentibus</span> <span class='ocrx_word' id='word_1_256' title='bbox 824 3109 985 3173; x_wconf 81' lang='lat' dir='ltr'>decantare,</span> <span class='ocrx_word' id='word_1_257' title='bbox 1004 3114 1169 3160; x_wconf 72' lang='lat' dir='ltr'>associantes</span> <span class='ocrx_word' id='word_1_258' title='bbox 1181 3123 1264 3176; x_wconf 86' lang='lat' dir='ltr'>prae·</span> 
     </span>
     <span class='ocr_line' id='line_1_32' title="bbox 172 3176 1262 3250; baseline -0.002 -20"><span class='ocrx_word' id='word_1_259' title='bbox 172 3187 314 3231; x_wconf 85' lang='lat' dir='ltr'>centorum</span> <span class='ocrx_word' id='word_1_260' title='bbox 333 3176 489 3247; x_wconf 84' lang='lat' dir='ltr'>exemplar,</span> <span class='ocrx_word' id='word_1_261' title='bbox 516 3196 620 3231; x_wconf 83' lang='lat' dir='ltr'>sucrum</span> <span class='ocrx_word' id='word_1_262' title='bbox 649 3180 744 3241; x_wconf 90' lang='lat' dir='ltr'>illum,</span> <span class='ocrx_word' id='word_1_263' title='bbox 774 3197 856 3250; x_wconf 84' lang='lat' dir='ltr'>quem</span> <span class='ocrx_word' id='word_1_264' title='bbox 882 3181 964 3233; x_wconf 89' lang='lat' dir='ltr'>modo</span> <span class='ocrx_word' id='word_1_265' title='bbox 989 3177 1183 3240; x_wconf 72' lang='lat' dir='ltr'>laudabamus,</span> <span class='ocrx_word' id='word_1_266' title='bbox 1209 3177 1262 3243; x_wconf 78' lang='lat' dir='ltr'>hy-</span> 
     </span>
     <span class='ocr_line' id='line_1_33' title="bbox 170 3248 1261 3318; baseline -0.002 -18"><span class='ocrx_word' id='word_1_267' title='bbox 170 3264 277 3310; x_wconf 81' lang='lat' dir='ltr'>mnum,</span> <span class='ocrx_word' id='word_1_268' title='bbox 294 3248 342 3317; x_wconf 90' lang='lat' dir='ltr'>qui</span> <span class='ocrx_word' id='word_1_269' title='bbox 362 3264 377 3299; x_wconf 89' lang='lat' dir='ltr'>e</span> <span class='ocrx_word' id='word_1_270' title='bbox 395 3248 534 3301; x_wconf 86' lang='lat' dir='ltr'>mellifluis</span> <span class='ocrx_word' id='word_1_271' title='bbox 553 3250 612 3302; x_wconf 82' lang='lat' dir='ltr'>sius</span> <span class='ocrx_word' id='word_1_272' title='bbox 631 3248 713 3302; x_wconf 87' lang='lat' dir='ltr'>labiis</span> <span class='ocrx_word' id='word_1_273' title='bbox 733 3266 816 3318; x_wconf 89' lang='lat' dir='ltr'>super</span> <span class='ocrx_word' id='word_1_274' title='bbox 834 3266 928 3303; x_wconf 88' lang='lat' dir='ltr'>omnes</span> <span class='ocrx_word' id='word_1_275' title='bbox 947 3248 1042 3301; x_wconf 85' lang='lat' dir='ltr'>fideles</span> <span class='ocrx_word' id='word_1_276' title='bbox 1059 3249 1131 3300; x_wconf 84' lang='lat' dir='ltr'>cives</span> <span class='ocrx_word' id='word_1_277' title='bbox 1148 3256 1177 3299; x_wconf 90' lang='lat' dir='ltr'>et</span> <span class='ocrx_word' id='word_1_278' title='bbox 1194 3248 1261 3299; x_wconf 84' lang='lat' dir='ltr'>sub·</span> 
     </span>
     <span class='ocr_line' id='line_1_34' title="bbox 172 3317 1265 3390; baseline -0.005 -19"><span class='ocrx_word' id='word_1_279' title='bbox 172 3319 246 3373; x_wconf 86' lang='lat' dir='ltr'>ditos</span> <span class='ocrx_word' id='word_1_280' title='bbox 265 3317 422 3369; x_wconf 82' lang='lat' dir='ltr'>destillavit.</span> <span class='ocrx_word' id='word_1_281' title='bbox 458 3321 522 3370; x_wconf 85' lang='lat' dir='ltr'>Post</span> <span class='ocrx_word' id='word_1_282' title='bbox 541 3320 646 3371; x_wconf 85' lang='lat' dir='ltr'>linitam</span> <span class='ocrx_word' id='word_1_283' title='bbox 665 3320 750 3382; x_wconf 89' lang='lat' dir='ltr'>hano,</span> <span class='ocrx_word' id='word_1_284' title='bbox 770 3336 841 3390; x_wconf 90' lang='lat' dir='ltr'>quse</span> <span class='ocrx_word' id='word_1_285' title='bbox 860 3337 911 3389; x_wconf 90' lang='lat' dir='ltr'>per</span> <span class='ocrx_word' id='word_1_286' title='bbox 927 3317 1072 3371; x_wconf 89' lang='lat' dir='ltr'>duodecim</span> <span class='ocrx_word' id='word_1_287' title='bbox 1091 3318 1150 3369; x_wconf 92' lang='lat' dir='ltr'>dies</span> <span class='ocrx_word' id='word_1_288' title='bbox 1168 3318 1265 3369; x_wconf 68' lang='lat' dir='ltr'>conti‹</span> 
     </span>
     <span class='ocr_line' id='line_1_35' title="bbox 170 3387 1270 3462; baseline -0.002 -21"><span class='ocrx_word' id='word_1_289' title='bbox 170 3397 240 3441; x_wconf 86' lang='lat' dir='ltr'>nnat</span> <span class='ocrx_word' id='word_1_290' title='bbox 258 3396 286 3441; x_wconf 84' lang='lat' dir='ltr'>et</span> <span class='ocrx_word' id='word_1_291' title='bbox 303 3389 339 3440; x_wconf 91' lang='lat' dir='ltr'>ob</span> <span class='ocrx_word' id='word_1_292' title='bbox 361 3404 436 3440; x_wconf 85' lang='lat' dir='ltr'>sacra</span> <span class='ocrx_word' id='word_1_293' title='bbox 453 3387 596 3461; x_wconf 87' lang='lat' dir='ltr'>[natalium</span> <span class='ocrx_word' id='word_1_294' title='bbox 611 3389 779 3459; x_wconf 85' lang='lat' dir='ltr'>etbaptisnri</span> <span class='ocrx_word' id='word_1_295' title='bbox 793 3388 906 3462; x_wconf 84' lang='lat' dir='ltr'>Christi]</span> <span class='ocrx_word' id='word_1_296' title='bbox 926 3391 995 3442; x_wconf 82' lang='lat' dir='ltr'>festo</span> <span class='ocrx_word' id='word_1_297' title='bbox 1007 3388 1177 3451; x_wconf 87' lang='lat' dir='ltr'>celebratur,</span> <span class='ocrx_word' id='word_1_298' title='bbox 1197 3403 1270 3439; x_wconf 77' lang='lat' dir='ltr'>con·-</span> 
     </span>
     <span class='ocr_line' id='line_1_36' title="bbox 170 3456 1262 3533; baseline -0.003 -21"><span class='ocrx_word' id='word_1_299' title='bbox 170 3460 337 3512; x_wconf 82' lang='lat' dir='ltr'>vivationem</span> <span class='ocrx_word' id='word_1_300' title='bbox 362 3457 516 3512; x_wconf 86' lang='lat' dir='ltr'>celebratur</span> <span class='ocrx_word' id='word_1_301' title='bbox 540 3462 627 3523; x_wconf 81' lang='lat' dir='ltr'>alius,</span> <span class='ocrx_word' id='word_1_302' title='bbox 660 3460 759 3513; x_wconf 78' lang='lat' dir='ltr'>festum</span> <span class='ocrx_word' id='word_1_303' title='bbox 788 3457 959 3533; x_wconf 82' lang='lat' dir='ltr'>[luminum]</span> <span class='ocrx_word' id='word_1_304' title='bbox 990 3475 1175 3529; x_wconf 85' lang='lat' dir='ltr'>consequens,</span> <span class='ocrx_word' id='word_1_305' title='bbox 1202 3456 1262 3509; x_wconf 87' lang='lat' dir='ltr'>dies</span> 
     </span>
     <span class='ocr_line' id='line_1_37' title="bbox 172 3527 1263 3599; baseline -0.001 -18"><span class='ocrx_word' id='word_1_306' title='bbox 172 3529 276 3581; x_wconf 79' lang='lat' dir='ltr'>deximi</span> <span class='ocrx_word' id='word_1_307' title='bbox 300 3546 348 3581; x_wconf 85' lang='lat' dir='ltr'>seu</span> <span class='ocrx_word' id='word_1_308' title='bbox 378 3531 544 3598; x_wconf 87' lang='lat' dir='ltr'>exceptorii‚</span> <span class='ocrx_word' id='word_1_309' title='bbox 575 3546 630 3599; x_wconf 83' lang='lat' dir='ltr'>quo</span> <span class='ocrx_word' id='word_1_310' title='bbox 652 3531 786 3582; x_wconf 89' lang='lat' dir='ltr'>Dominus</span> <span class='ocrx_word' id='word_1_311' title='bbox 811 3530 961 3582; x_wconf 84' lang='lat' dir='ltr'>salutantes</span> <span class='ocrx_word' id='word_1_312' title='bbox 990 3530 1091 3581; x_wconf 88' lang='lat' dir='ltr'>amicos</span> <span class='ocrx_word' id='word_1_313' title='bbox 1116 3527 1263 3580; x_wconf 85' lang='lat' dir='ltr'>admittere</span> 
     </span>
     <span class='ocr_line' id='line_1_38' title="bbox 172 3598 1263 3663; baseline -0.004 -11"><span class='ocrx_word' id='word_1_314' title='bbox 172 3602 259 3663; x_wconf 85' lang='lat' dir='ltr'>solet,</span> <span class='ocrx_word' id='word_1_315' title='bbox 277 3618 336 3652; x_wconf 89' lang='lat' dir='ltr'>cum</span> <span class='ocrx_word' id='word_1_316' title='bbox 355 3600 458 3651; x_wconf 76' lang='lat' dir='ltr'>sarimo</span> <span class='ocrx_word' id='word_1_317' title='bbox 477 3616 524 3651; x_wconf 89' lang='lat' dir='ltr'>seu</span> <span class='ocrx_word' id='word_1_318' title='bbox 543 3600 685 3653; x_wconf 83' lang='lat' dir='ltr'>saltatoria</span> <span class='ocrx_word' id='word_1_319' title='bbox 703 3598 865 3653; x_wconf 81' lang='lat' dir='ltr'>decursione</span> <span class='ocrx_word' id='word_1_320' title='bbox 895 3600 1044 3653; x_wconf 87' lang='lat' dir='ltr'>coniuncti.</span> <span class='ocrx_word' id='word_1_321' title='bbox 1080 3600 1155 3651; x_wconf 77' lang='lat' dir='ltr'>Facti</span> <span class='ocrx_word' id='word_1_322' title='bbox 1183 3613 1263 3649; x_wconf 84' lang='lat' dir='ltr'>uem·</span> 
     </span>
     <span class='ocr_line' id='line_1_39' title="bbox 171 3669 1264 3741; baseline -0.003 -21"><span class='ocrx_word' id='word_1_323' title='bbox 171 3686 207 3741; x_wconf 91' lang='lat' dir='ltr'>pe</span> <span class='ocrx_word' id='word_1_324' title='bbox 225 3671 374 3723; x_wconf 76' lang='lat' dir='ltr'>secundum</span> <span class='ocrx_word' id='word_1_325' title='bbox 399 3670 544 3722; x_wconf 79' lang='lat' dir='ltr'>formulam</span> <span class='ocrx_word' id='word_1_326' title='bbox 564 3670 666 3723; x_wconf 79' lang='lat' dir='ltr'>deximi</span> <span class='ocrx_word' id='word_1_327' title='bbox 685 3672 747 3723; x_wconf 89' lang='lat' dir='ltr'>linis</span> <span class='ocrx_word' id='word_1_328' title='bbox 766 3688 863 3723; x_wconf 87' lang='lat' dir='ltr'>novam</span> <span class='ocrx_word' id='word_1_329' title='bbox 882 3679 911 3723; x_wconf 88' lang='lat' dir='ltr'>et</span> <span class='ocrx_word' id='word_1_330' title='bbox 928 3671 1096 3739; x_wconf 77' lang='lat' dir='ltr'>peculiarem</span> <span class='ocrx_word' id='word_1_331' title='bbox 1112 3686 1202 3721; x_wconf 87' lang='lat' dir='ltr'>rerum</span> <span class='ocrx_word' id='word_1_332' title='bbox 1221 3669 1264 3717; x_wconf 84' lang='lat' dir='ltr'>ia·</span> 
     </span>
     <span class='ocr_line' id='line_1_40' title="bbox 172 3740 1263 3812; baseline -0.002 -21"><span class='ocrx_word' id='word_1_333' title='bbox 172 3741 344 3812; x_wconf 74' lang='lat' dir='ltr'>clamatque</span> <span class='ocrx_word' id='word_1_334' title='bbox 370 3741 596 3793; x_wconf 87' lang='lat' dir='ltr'>constitutionem</span> <span class='ocrx_word' id='word_1_335' title='bbox 614 3742 750 3809; x_wconf 85' lang='lat' dir='ltr'>importat.</span> <span class='ocrx_word' id='word_1_336' title='bbox 789 3742 933 3810; x_wconf 83' lang='lat' dir='ltr'>Sapientes</span> <span class='ocrx_word' id='word_1_337' title='bbox 952 3743 1025 3793; x_wconf 85' lang='lat' dir='ltr'>enim</span> <span class='ocrx_word' id='word_1_338' title='bbox 1046 3748 1074 3793; x_wconf 88' lang='lat' dir='ltr'>et</span> <span class='ocrx_word' id='word_1_339' title='bbox 1091 3755 1107 3788; x_wconf 83' lang='lat' dir='ltr'>a</span> <span class='ocrx_word' id='word_1_340' title='bbox 1126 3741 1185 3790; x_wconf 85' lang='lat' dir='ltr'>Deo</span> <span class='ocrx_word' id='word_1_341' title='bbox 1204 3740 1263 3789; x_wconf 90' lang='lat' dir='ltr'>ele·</span> 
     </span>
     <span class='ocr_line' id='line_1_41' title="bbox 173 3808 1262 3879; baseline -0.001 -17"><span class='ocrx_word' id='word_1_342' title='bbox 173 3812 211 3862; x_wconf 88' lang='lat' dir='ltr'>eti</span> <span class='ocrx_word' id='word_1_343' title='bbox 229 3811 316 3863; x_wconf 87' lang='lat' dir='ltr'>nostri</span> <span class='ocrx_word' id='word_1_344' title='bbox 340 3810 450 3861; x_wconf 89' lang='lat' dir='ltr'>Domini</span> <span class='ocrx_word' id='word_1_345' title='bbox 475 3820 537 3879; x_wconf 90' lang='lat' dir='ltr'>post</span> <span class='ocrx_word' id='word_1_346' title='bbox 557 3813 666 3863; x_wconf 84' lang='lat' dir='ltr'>finitum</span> <span class='ocrx_word' id='word_1_347' title='bbox 690 3828 723 3863; x_wconf 82' lang='lat' dir='ltr'>ex</span> <span class='ocrx_word' id='word_1_348' title='bbox 752 3812 869 3864; x_wconf 82' lang='lat' dir='ltr'>formula</span> <span class='ocrx_word' id='word_1_349' title='bbox 892 3811 964 3863; x_wconf 89' lang='lat' dir='ltr'>illud</span> <span class='ocrx_word' id='word_1_350' title='bbox 986 3812 1100 3863; x_wconf 83' lang='lat' dir='ltr'>solenne</span> <span class='ocrx_word' id='word_1_351' title='bbox 1124 3808 1262 3861; x_wconf 82' lang='lat' dir='ltr'>dexim&#39;um</span> 
     </span>
     <span class='ocr_line' id='line_1_42' title="bbox 174 3879 1263 3951; baseline -0.004 -19"><span class='ocrx_word' id='word_1_352' title='bbox 174 3896 267 3932; x_wconf 85' lang='lat' dir='ltr'>rursus</span> <span class='ocrx_word' id='word_1_353' title='bbox 284 3882 443 3948; x_wconf 80' lang='lat' dir='ltr'>praesident</span> <span class='ocrx_word' id='word_1_354' title='bbox 466 3879 501 3931; x_wconf 85' lang='lat' dir='ltr'>ad</span> <span class='ocrx_word' id='word_1_355' title='bbox 526 3881 702 3951; x_wconf 84' lang='lat' dir='ltr'>praestandas</span> <span class='ocrx_word' id='word_1_356' title='bbox 729 3879 802 3933; x_wconf 84' lang='lat' dir='ltr'>bene</span> <span class='ocrx_word' id='word_1_357' title='bbox 823 3882 993 3934; x_wconf 85' lang='lat' dir='ltr'>merentibus</span> <span class='ocrx_word' id='word_1_358' title='bbox 1012 3880 1263 3940; x_wconf 84' lang='lat' dir='ltr'>remunerationes,</span> 
     </span>
     <span class='ocr_line' id='line_1_43' title="bbox 175 3948 1275 4021; baseline -0.004 -19"><span class='ocrx_word' id='word_1_359' title='bbox 175 3958 203 4002; x_wconf 88' lang='lat' dir='ltr'>et</span> <span class='ocrx_word' id='word_1_360' title='bbox 220 3949 375 4002; x_wconf 86' lang='lat' dir='ltr'>celebratur</span> <span class='ocrx_word' id='word_1_361' title='bbox 393 3950 521 4020; x_wconf 88' lang='lat' dir='ltr'>deinceps</span> <span class='ocrx_word' id='word_1_362' title='bbox 539 3954 694 4005; x_wconf 78' lang='lat' dir='ltr'>convivium</span> <span class='ocrx_word' id='word_1_363' title='bbox 718 3967 801 4021; x_wconf 87' lang='lat' dir='ltr'>super</span> <span class='ocrx_word' id='word_1_364' title='bbox 822 3953 956 4020; x_wconf 80' lang='lat' dir='ltr'>peculiari</span> <span class='ocrx_word' id='word_1_365' title='bbox 974 3950 1068 4002; x_wconf 85' lang='lat' dir='ltr'>tabula</span> <span class='ocrx_word' id='word_1_366' title='bbox 1090 3950 1119 3999; x_wconf 88' lang='lat' dir='ltr'>in</span> <span class='ocrx_word' id='word_1_367' title='bbox 1138 3948 1275 4017; x_wconf 73' lang='lat' dir='ltr'>splendi-&#39;</span> 
     </span>
     <span class='ocr_line' id='line_1_44' title="bbox 175 4019 1264 4093; baseline -0.002 -22"><span class='ocrx_word' id='word_1_368' title='bbox 175 4019 287 4073; x_wconf 85' lang='lat' dir='ltr'>dissime</span> <span class='ocrx_word' id='word_1_369' title='bbox 305 4022 426 4074; x_wconf 88' lang='lat' dir='ltr'>triclinio</span> <span class='ocrx_word' id='word_1_370' title='bbox 446 4022 591 4075; x_wconf 86' lang='lat' dir='ltr'>Iustiniani</span> <span class='ocrx_word' id='word_1_371' title='bbox 610 4024 717 4093; x_wconf 72' lang='lat' dir='ltr'>Magni3</span> <span class='ocrx_word' id='word_1_372' title='bbox 743 4030 908 4093; x_wconf 86' lang='lat' dir='ltr'>oportetque</span> <span class='ocrx_word' id='word_1_373' title='bbox 929 4038 979 4074; x_wconf 88' lang='lat' dir='ltr'>nos</span> <span class='ocrx_word' id='word_1_374' title='bbox 999 4021 1117 4072; x_wconf 86' lang='lat' dir='ltr'>invitare</span> <span class='ocrx_word' id='word_1_375' title='bbox 1140 4020 1175 4069; x_wconf 87' lang='lat' dir='ltr'>ad</span> <span class='ocrx_word' id='word_1_376' title='bbox 1200 4023 1264 4083; x_wconf 82' lang='lat' dir='ltr'>co‘e&#39;·</span> 
     </span>
     <span class='ocr_line' id='line_1_45' title="bbox 173 4088 1264 4161; baseline -0.002 -20"><span class='ocrx_word' id='word_1_377' title='bbox 173 4090 326 4160; x_wconf 78' lang='lat' dir='ltr'>pulandum</span> <span class='ocrx_word' id='word_1_378' title='bbox 344 4108 404 4143; x_wconf 88' lang='lat' dir='ltr'>eum</span> <span class='ocrx_word' id='word_1_379' title='bbox 423 4092 549 4146; x_wconf 88' lang='lat' dir='ltr'>Dominis</span> <span class='ocrx_word' id='word_1_380' title='bbox 566 4094 682 4155; x_wconf 82' lang='lat' dir='ltr'>arnieos,</span> <span class='ocrx_word' id='word_1_381' title='bbox 707 4091 878 4161; x_wconf 75' lang='lat' dir='ltr'>magistratus</span> <span class='ocrx_word' id='word_1_382' title='bbox 903 4098 1040 4160; x_wconf 83' lang='lat' dir='ltr'>quotquot</span> <span class='ocrx_word' id='word_1_383' title='bbox 1057 4088 1197 4159; x_wconf 77' lang='lat' dir='ltr'>compagis</span> <span class='ocrx_word' id='word_1_384' title='bbox 1215 4105 1264 4157; x_wconf 76' lang='lat' dir='ltr'>ge·</span> 
     </span>
     <span class='ocr_line' id='line_1_46' title="bbox 174 4158 1272 4239; baseline 0 -25"><span class='ocrx_word' id='word_1_385' title='bbox 174 4170 242 4217; x_wconf 76' lang='lat' dir='ltr'>mat</span> <span class='ocrx_word' id='word_1_386' title='bbox 258 4162 426 4227; x_wconf 75' lang='lat' dir='ltr'>senatorios,</span> <span class='ocrx_word' id='word_1_387' title='bbox 442 4171 475 4217; x_wconf 85' lang='lat' dir='ltr'>ut</span> <span class='ocrx_word' id='word_1_388' title='bbox 490 4166 650 4233; x_wconf 71' lang='lat' dir='ltr'>magistros,</span> <span class='ocrx_word' id='word_1_389' title='bbox 665 4158 865 4239; x_wconf 75' lang='lat' dir='ltr'>proconsules,</span> <span class='ocrx_word' id='word_1_390' title='bbox 881 4160 1012 4233; x_wconf 81' lang='lat' dir='ltr'>patricios</span> <span class='ocrx_word' id='word_1_391' title='bbox 1030 4159 1188 4225; x_wconf 60' lang='lat' dir='ltr'>officialesf</span> <span class='ocrx_word' id='word_1_392' title='bbox 1206 4158 1249 4214; x_wconf 70' lang='lat' dir='ltr'>in</span> <span class='ocrx_word' id='word_1_393' title='bbox 1269 4186 1272 4192; x_wconf 91' lang='lat'>·</span> 
     </span>
    </p>
   </div>
   <div class='ocr_carea' id='block_1_5' title="bbox 0 0 1542 4825">
    <p class='ocr_par' dir='ltr' id='par_1_5' title="bbox 0 0 1542 4825">
     <span class='ocr_line' id='line_1_47' title="bbox 0 0 1542 4825; baseline 0 0"><span class='ocrx_word' id='word_1_394' title='bbox 0 0 1542 4825; x_wconf 95' lang='lat' dir='ltr'> </span> 
     </span>
    </p>
   </div>
  </div>
 </body>
</html>
