3042 4825
322 241 378 303 uu
408 236 607 305 cuatuor«.
635 236 776 305 aunan
803 234 975 304 ututur.
1005 244 1031 305 1.
1053 245 1108 315 σε.
1173 214 1265 331 '3⁰7

163 388 251 471 ὅπως
272 390 477 460 ἀνελθόντι
495 394 543 483 τῷ
561 394 698 482 cinips,
718 396 882 480 oppuyiop
902 398 973 474 μετ’
993 394 1094 459 adrui
1114 392 1171 461 τόν
1190 393 1269 461 λαόν

160 490 243 558 κατά
262 490 453 578 συνήθειαν.
500 489 746 585 όηριχευόμενος
767 494 813 573 δὲ,
838 489 883 568 nis,-
903 495 1112 579 προείρηται,
1133 494 1187 559 ὑπ’
1209 492 1270 559 oui⁴

162 594 229 657 τῶν
248 590 372 657 πάντων
393 587 411 655 ό
430 590 601 675 βασιλεύς,
625 592 788 677 ἐξέρχεται
815 589 870 655 καί
906 584 1073 677 ἀνέρχεται
1093 593 1127 657 ἐν
1148 594 1192 680 trgi
1212 618 1270 658 κο-

161 692 311 771 θίσμοτι,
332 688 388 754 καί
405 690 485 767 στάς
505 688 686 774 ἔμπροσθεν
705 693 765 755 τού
785 693 926 771 σέντζου,
949 688 1118 776 σφραγίζει
1138 688 1194 754 τόν
1209 698 1267 756 λα-

144 787 205 853 tir
225 790 261 853 ἐκ
277 788 323 873 y',
365 791 489 875 πρῶτον
508 793 568 872 μὲν
587 792 686 871 μέσον
693 840 704 873 ,
732 789 878 875 δεύτερον
898 788 955 853 τόν
974 791 1034 854 τοῦ
1053 791 1190 854 Βενέτου
1213 792 1269 873 δίη.

164 910 242 969 μον,
267 887 371 973 τρίτον
398 892 456 953 τοῦ
476 886 646 973 Προσίνου
658 939 668 969 ,
699 892 755 953 καί
774 890 944 968 καθέζεται
971 886 1028 955 ἐπί
1046 890 1104 952 rori
1125 890 1270 967 σε’ντζου.

163 985 248 1071 μετά
269 989 306 1052 di
325 984 385 1071 τὴν
407 986 637 1073 συμπλήρωσιν
656 989 716 1070 τῆς
737 989 901 1074 εὐφημίας
928 990 985 1051 τοῦ
1007 986 1108 1072 όημου
1130 988 1186 1051 καί
1206 988 1269 1050 τοόν

165 1084 413 1171 στρατευμάτων
432 1082 517 1153 νεύει
537 1084 554 1151 ὃ
573 1086 725 1170 βασιλεύς
745 1090 789 1175 τῷ
810 1089 1029 1177 πραιποσίτηι·
1075 1086 1091 1152 ό
1112 1086 1149 1151 di
1169 1107 1268 1170 προι-

165 1182 306 1260 abactor*
321 1183 460 1263 ἔξελθάν
487 1182 549 1261 ἔξω
578 1186 635 1249 τοῦ
655 1188 871 1268 καθισμοτος,
909 1188 1037 1251 ἵσταται
1064 1183 1171 1251 έπάνω
1204 1184 1269 1248 ταῖν

127 1286 310 1370 ιοβάθρων,
331 1284 388 1350 καί
404 1285 630 1370 προσκαλεῖται
649 1284 726 1361 τούς
746 1308 781 1350 τε
803 1288 990 1369 πατρικίους
1005 1286 1080 1361 τούς
1094 1280 1176 1351 κατά
1194 1290 1291 1356 συθ-Β

166 1384 282 1477 η’θειιην
310 1385 515 1475 ε’κτελοῦντος
542 1383 775 1470 προσκύνησιν,
811 1387 866 1448 καί
892 1381 1088 1460 εἰσελθόντες
1107 1378 1188 1447 κατά
1209 1378 1269 1466 την

166 1481 258 1560 τάξιν
278 1482 387 1547 αύτοόν
408 1485 442 1547 ἑν
462 1486 508 1572 τῷ
528 1484 723 1565 καθισμοτι,
744 1486 959 1569 προσκυνοῦσι
977 1483 1020 1571 τῷ
1040 1488 1171 1565 βασιλεῖ
1176 1532 1186 1563 ,
1215 1477 1272 1545 καί

166 1582 351 1667 έξέρχονται
380 1580 651 1667 όπερευχόμενοι,
685 1580 743 1646 καί
768 1582 915 1647 ἵστανται
941 1580 1093 1645 ύποκότω
1121 1582 1186 1647 τάν
1209 1577 1271 1661 βά-

167 1684 259 1767 θρων
278 1678 460 1765 ἔμπροσθεν
479 1685 537 1766 τῆς
556 1681 698 1767 μεγάλης
717 1679 828 1766 πύλης.
867 1684 923 1747 καί
939 1677 1020 1763 μετά
1041 1679 1100 1765 τὴν
1120 1678 1270 1765 συμπλή-

130 1783 270 1865 τδρωσιν
298 1780 425 1845 πάντων
453 1778 564 1863 λαβών
592 1784 697 1862 νεῦμα
718 1775 736 1843 ό
757 1777 966 1866 πραιπόσιτος
985 1776 1076 1864 παρὰ
1095 1782 1156 1843 τοῦ
1175 1782 1272 1861 βασι-

169 1882 266 1960 λέως,
298 1876 435 1959 ἐξελθών
455 1881 584 1944 ἵσταται
604 1875 701 1945 πάλιν
719 1876 827 1944 ἐπάνω
848 1880 911 1943 τῶν
930 1874 1082 1965 βάθρων,
1111 1880 1168 1943 καί
1187 1873 1413 1947 νεόειΜι.ιτ8.λι

169 1986 238 2054 τοῖς
255 1974 314 2061 την
333 1975 545 2063 προσκύνησιν
564 1980 755 2060 τελέσασιν,
778 1973 864 2054 ὅπως
885 1978 1048 2043 ἀπέλθωσι
1069 1972 1103 2041 όν
1123 1984 1195 2051 ταῖς
1215 1970 1276 2040 αὖ.

170 2078 235 2141 τάν
253 2070 380 2153 τάξεσιν
399 2078 435 2142 έν
455 2086 522 2153 τοῖς
542 2078 722 2160 σκυμνίοις.
764 2078 976 2142 τελεσθέντων
1005 2078 1041 2141 δὲ
1067 2077 1131 2140 τάν
1152 2071 1181 2139 δ’
1201 2076 1275 2157 βαλ-

160 2200 236 2257 ιων,
262 2176 428 2241 ἀνίσταται
449 2174 468 2240 ό
488 2172 640 2257 βασιλεύς
661 2173 724 2240 άπό
743 2178 801 2240 rori
821 2178 972 2259 σέντζου,
1009 2172 1038 2240 οἱ
1057 2178 1093 2241 δὲ
1113 2176 1276 2261 πατρίκιοι

129 2276 230 2348 ποκαί
248 2271 280 2339 oi
300 2274 472 2360 στρατηγοί
491 2276 635 2339 ἵστανται
653 2278 688 2340 ἐν
707 2276 753 2363 τῷ
773 2273 937 2364 τρικλίνῳ,
974 2276 1009 2341 ἐν
1038 2266 1064 2365 ᾧ
1091 2274 1210 2363 άριστρῑ
1231 2276 1274 2359 τῇ
1362 2262 1366 2269 ’

173 2370 256 2464 αύτῇ
275 2370 379 2464 ἦμέρρ
401 2373 418 2439 ό
439 2371 602 2457 βασιλεύς,
623 2371 715 2440 ἔνθεν
729 2373 865 2458 κάκεῖσε,
883 2375 940 2439 καί
954 2372 1193 2459 όηριγευόμενος
1209 2370 1298 2438 tinio

172 2480 239 2541 ruis
258 2472 422 2559 ἀρχόντων
442 2477 500 2539 τού
520 2475 755 2555 κουβουκλείου,
777 2475 948 2560 διέρχεται,
970 2473 1066 2538 adrui
1086 2475 1122 2538 δὲ
1137 2469 1275 2554 όπερεύ-

175 2597 290 2658 χονται
317 2575 387 2655 „cic
405 2570 540 2647 πολλούς
560 2572 616 2638 καί
636 2566 778 2656 άγαθοός
792 2572 963 2656 χρόνους.”
1003 2575 1059 2638 καί
1077 2571 1275 2653 εἰσελθόντος

173 2675 234 2739 τοῦ
253 2674 411 2758 βασιλέως
429 2673 476 2749 εἰς
498 2669 551 2738 τόν
570 2674 703 2736 κοιτῶνα
724 2670 834 2753 αὑτοῦ,
855 2669 1012 2754 λαμβάνει
1032 2670 1049 2736 ό
1070 2664 1275 2757 πραιπόσιτος

249 2859 290 2913 ιη.
311 2838 463 2894 ἀπέλθωσι
481 2843 521 2905 rt,
541 2835 720 2898 ἀπελθόντες
738 2836 809 2904 cod,
832 2835 1010 2894 άπέλθονται
1027 2837 1071 2891 ed

180 3012 287 3058 acenao,
304 2995 438 3064 populum
456 3011 489 3048 eo
508 3011 585 3047 more
600 2992 708 3046 solenni
725 2992 824 3062 signet.
860 2992 983 3063 stipatus
998 3009 1061 3064 ergo
1076 2991 1111 3046 ah
1126 2991 1169 3046 hia
1186 2993 1276 3048 omni·

180 3069 254 3131 hus,
272 3073 305 3117 ut
326 3082 408 3135 anpra
430 3065 506 3129 dixi,
524 3065 677 3135 Imperator
694 3062 753 3116 abit
770 3065 855 3133 inque
872 3061 964 3116 sedem
979 3081 1053 3116 suam
1069 3065 1229 3130 revertitur,
1248 3065 1277 3117 ei

181 3147 247 3190 ante
270 3135 399 3189 thronum
419 3139 602 3197 constitutus,
632 3145 676 3188 ter
695 3135 829 3203 populum
849 3135 953 3204 signat,
974 3136 1062 3204 primo
1085 3133 1196 3204 quidem
1218 3151 1278 3188 me-

181 3208 272 3272 diam,
300 3204 421 3259 recondo
446 3207 597 3268 Venetam,
622 3207 707 3260 tertio
730 3206 868 3257 Prasinam
887 3204 1051 3268 factionem,
1079 3222 1227 3276 rursusque
1247 3207 1277 3257 iu

180 3277 283 3331 throno
296 3276 407 3330 residet
444 3278 556 3330 Peracta
571 3293 636 3329 sero
659 3275 791 3330 factionis
805 3285 834 3328 ct
851 3275 972 3329 militum
990 3277 1201 3338 acclamatione,
1217 3275 1277 3326 im-

181 3355 295 3434 perator
323 3349 481 3418 praeposito
511 3349 618 3433 signum
646 3347 713 3400 dat:
739 3348 762 3398 is
786 3363 802 3398 a
823 3344 923 3399 throno
948 3363 1122 3417 progressus,
1147 3361 1228 3430 suppa
1247 3347 1277 3396 in

182 3417 636 3559 tiitrttuttttttt
652 3415 1279 3559 tfptttzirtitttfitium

183 3562 254 3623 cati,
281 3557 443 3624 discedunt,
468 3567 498 3612 et
519 3566 583 3611 ante
609 3575 735 3628 magnam
754 3565 864 3628 portam
892 3557 963 3609 inira
984 3557 1021 3609 ad
1038 3554 1136 3628 gradus
1160 3555 1279 3608 adstant.

183 3631 304 3686 Peractis
321 3631 466 3693 omnibus,
482 3631 656 3702 praeponitur
675 3631 784 3700 signum
805 3628 840 3680 ab
856 3631 1023 3698 Imperatore
1045 3627 1160 3698 accipit,
1179 3634 1208 3678 et
1227 3627 1281 3678 ite·-

184 3717 247 3754 rum
269 3716 409 3770 egressor,
427 3717 509 3771 supra
530 3702 560 3753 in
612 3699 712 3753 adibus
733 3709 798 3752 ante
817 3716 943 3770 magnam
966 3707 1075 3769 portam
1098 3698 1281 3759 constitutus,

186 3787 252 3838 eos,
293 3773 323 3823 ni
337 3771 504 3837 adorarunt,
520 3782 553 3825 ot
564 3789 580 3822 a
617 3772 728 3826 ordines
747 3788 811 3823 suos
829 3773 859 3822 in
874 3786 982 3822 scamna
1004 3769 1167 3832 discedant,
1185 3767 1281 3830 sulmo-¹

183 3851 242 3896 net
302 3843 352 3894 ctis
367 3859 434 3898 vero
450 3850 572 3914 quatuor
592 3844 710 3914 palmia,
729 3845 881 3914 Imperator
896 3857 911 3893 ε
925 3841 1026 3895 throno
1051 3839 1152 3909 surgit,
1171 3835 1282 3908 patricii

186 3922 217 3966 et
236 3915 349 3984 strategi
372 3915 404 3965 in
425 3912 566 3977 triclinio,
591 3914 642 3966 uhi
665 3913 820 3984 Imperator
845 3929 878 3964 co
900 3913 945 3965 die
966 3911 1121 3965 convivium
1141 3907 1282 3968 instituit,

186 3985 320 4058 utrinque
335 3983 460 4041 adstant:
481 3985 541 4054 ipse
559 3999 575 4034 α
588 3984 710 4036 orbiculi
726 3984 891 4057 praesectis,
907 3983 989 4052 longa
1006 3999 1038 4032 ao
1050 3981 1142 4032 felicia
1155 3987 1281 4045 tempora

186 4056 420 4126 appreoantihus,
439 4057 574 4126 atipatus,
593 4057 727 4124 procedit.
763 4057 889 4125 Ingresso
912 4060 1004 4105 autem
1024 4051 1182 4104 cubiculum
1201 4061 1282 4099 suum

186 4141 319 4180 coronam
341 4127 515 4200 praepositus
538 4141 555 4177 a
574 4127 665 4198 capite
686 4125 792 4190 demit,
815 4125 931 4195 ingresai
947 4139 963 4176 c
982 4121 1112 4174 mandato
1127 4119 1283 4184 vestitorer,

146 4224 212 4308 hh
