3042 4825
333 217 603 286 constantini
643 217 793 284 eonru.
821 220 878 281 nn
905 217 1102 284 cuatuor.
1193 193 1278 307 479

182 377 295 462 τάριος
321 375 479 460 λαμβάνει
507 371 649 451 διάταξιν
678 373 765 460 παρά
794 377 1032 457 τοῦ-βασιλέως
1059 376 1137 460 περὶ
1155 377 1220 440 τῶν
1242 377 1282 441 ά-

182 476 348 562 napuras,
377 479 431 542 καί
452 475 645 560 άιιοτίθησιν
666 477 736 540 ἐκεῖ
756 471 817 559 τὴν
836 472 953 560 κριθὴν
972 478 1029 539 καί
1046 475 1153 542 πᾶσαν
1172 469 1284 563 ἑτέραν

180 579 296 662 χρείαν
324 573 510 660 βασιλικήν.
551 572 592 638 τά
605 651 608 670 .
622 573 814 651 δέξενάλια
842 571 882 639 τά
912 576 957 662 τῷ
975 578 1106 656 βασιλεῖ
1120 574 1284 661 φερόμενα

184 674 240 741 riui
260 680 376 762 κριθῆς
396 672 642 761 παραλαμβάνει
663 669 681 738 ὅ
702 677 760 740 τοῦ
781 671 920 755 arripior
941 672 1051 757 κόμης,
1073 673 1109 736 ἐν
1127 694 1285 760 καταγρα-

163 779 235 864 5φῇ
254 775 443 859 ποιούμενος
462 772 519 859 τὴν
540 773 714 858 ποσότητα,
745 769 815 856 άμα
836 775 882 862 τῷ
902 773 1009 861 eliturgi
1029 770 1169 849 καὶτοῖς
1188 795 1283 839 νοτα·

186 878 283 960 ρίοις,
313 877 513 956 ποιουμένων
534 872 685 938 κάκείντον
705 877 807 938 ταῦτα
829 874 863 938 ἑν
883 874 1093 960 καταγραφῇ,
1127 875 1180 937 ἴνα
1200 872 1311 954 perte

183 969 220 1039 τά
240 975 390 1058 γενέσθαι
409 973 616 1058 καταστάλιον
647 971 874 1059 λογαριάζηται
906 971 923 1037 ὃ
951 968 1202 1058 πρωτονοτάριος
1229 976 1285 1039 καί

185 1072 202 1138 ὃ
219 1072 452 1160 χάρτουλάριος
469 1073 519 1149 ἐἰς
537 1070 572 1138 τὸ
592 1073 738 1157 σέκρετον
757 1075 818 1136 τοῦ
838 1073 980 1153 εἰδικοῦ,
1015 1073 1068 1136 ἵνα
1088 1066 1285 1158 άσεξοιίρων-

183 1195 238 1238 ται
266 1172 301 1237 αἱ
328 1173 448 1258 ἡμέραι
474 1174 531 1256 τῆς
554 1171 707 1258 χορηγίας
726 1173 791 1236 τῶν
811 1169 1081 1258 πρωτονοταράον.
1126 1173 1182 1235 καί
1200 1169 1282 1253 μετά

148 1271 220 1342 torti
243 1270 381 1357 κεράσαι
401 1268 457 1337 τάν
478 1273 613 1354 βασιλέα
641 1273 696 1336 καί
718 1271 798 1335 ἰδεῖν
823 1269 883 1356 την
903 1275 1123 1356 προμοσέλλαν
1150 1271 1284 1336 διατάσ-

185 1393 278 1437 σεται
296 1371 341 1458 τῷ
360 1365 496 1454 κόμητι,
517 1372 573 1434 καί
591 1371 736 1450 διανέμει
758 1363 876 1454 adesir,
907 1367 1016 1446 καθὼς
1035 1375 1203 1457 κατωτέρω
1225 1369 1284 1457 ῥη-

185 1468 339 1555 θήσεται.
381 1468 435 1533 διά
465 1470 523 1535 τοῦ
550 1467 687 1554 κάμητος
714 1472 780 1534 τῶν
811 1467 995 1550 άιττιμάτων
1024 1473 1081 1555 τῆς
1111 1471 1321 1555 άτιουργίαςῦ

187 1561 302 1653 ἄνδρες
323 1567 368 1634 α’·
399 1570 455 1632 καί
476 1566 553 1643 τοάς
571 1569 630 1650 μὲν
651 1565 679 1654 ρ’
700 1561 826 1654 ὀφείλει
846 1562 1131 1650 ἀναλαμβάνεσθαι
1152 1567 1168 1634 ὁ
1188 1567 1286 1653 κόμης

186 1671 247 1733 τοῦ
267 1665 408 1751 στάβλου
430 1665 485 1733 καί
504 1666 521 1733 ά
541 1665 778 1754 χαρτουλάριος
798 1668 833 1730 ἐν
861 1671 1054 1756 καταγραφῇ
1073 1665 1152 1757 λόγῳ
1173 1671 1238 1734 τῶν
1257 1669 1284 1752 ρ’

149 1765 349 1852 15ίπσαρίων
367 1767 431 1831 τῶν
450 1768 742 1852 παρασυρομένων.
784 1768 840 1831 καί
857 1762 913 1832 τάν
933 1764 1054 1850 κόμητα
1076 1765 1154 1848 μετά
1172 1767 1235 1830 τῶν
1254 1762 1287 1830 ἕ-

186 1869 288 1952 τὲρων
309 1863 335 1950 ρ’
358 1863 614 1947 άναλαμβάνεται
635 1861 655 1928 ά
676 1867 732 1929 ἐστι’
757 1865 813 1949 τῆς
838 1865 996 1950 τραπέζης
1024 1862 1080 1928 καί
1104 1861 1121 1928 ά
1142 1866 1288 1946 ‹lopian-

127 1985 130 2003 ·
189 1989 242 2041 κος
262 1967 318 2048 τῆς
338 1962 514 2050 ὑπουργίας
534 1962 590 2028 καί
611 1962 629 2028 ὅ
651 1961 805 2039 οἶκειακὸς
823 1962 990 2046 βασιλικὸς
1010 1964 1191 2049 κιλλάριος·
1233 1961 1289 2027 καί

112 2074 118 2088 “
187 2063 224 2129 ot
241 2065 300 2147 μὲν
322 2065 351 2128 τί
374 2065 511 2149 σύρουσι
531 2060 572 2128 τά
603 2062 633 2126 τί
655 2061 842 2150 σαγμάρια,
880 2061 910 2127 oi
939 2064 975 2128 tt
1005 2059 1031 2124 κ’
1064 2063 1288 2128 άκολουθοῦσι.

187 2159 245 2227 καί
264 2156 314 2227 ὅτι
335 2162 457 2250 κατάβη
479 2159 496 2228 ὃ
516 2159 668 2245 βασιλιάς
696 2163 741 2238 εἰς
767 2160 804 2227 τὸ
833 2153 1008 2247 άτιληκτον,
1043 2161 1230 2249 ἐπαίρουσιν
1258 2161 1288 2226 οἱ

189 2367 351 2437 applicatis]
371 2367 551 2421 chartularius
577 2366 680 2421 stabuli
699 2375 727 2419 et
752 2367 879 2421 cellarios
904 2383 920 2419 a
943 2369 1136 2438 protonotario
1155 2369 1289 2439 cuiusque

189 2437 337 2493 thematis:
357 2447 385 2490 ot
415 2438 545 2509 deinceps
572 2438 700 2491 dividunt
718 2446 746 2493 et
762 2439 914 2511 unicuique
932 2439 1045 2492 animali
1072 2440 1191 2491 diarium
1209 2456 1289 2491 snum

189 2524 306 2577 pensnm
326 2510 479 2577 porrigunt·
515 2512 722 2562 protonotarius
750 2518 844 2561 autern
870 2510 1000 2561 thematis
1024 2510 1181 2562 admonitus
1200 2511 1290 2579 impe-

190 2579 255 2629 riali
282 2578 486 2647 dispositione,
506 2583 618 2633 nomina
638 2582 808 2647 singulorum
827 2580 1026 2699 applicatorrrm
1047 2580 1222 2642 continente,
1239 2580 1290 2631 do·

191 2650 273 2717 ponit
289 2646 328 2699 ibi
345 2650 483 2711 locorum,
502 2649 551 2701 ubi
570 2651 709 2719 deponere
731 2650 822 2701 iussus
854 2651 1123 2719 uerit,iu1putatam
1139 2650 1194 2701 sibi
1213 2653 1291 2719 copi-

189 2735 235 2769 am
254 2736 310 2771 uon
330 2717 425 2772 bordei
445 2727 568 2783 tantum,
586 2722 634 2772 sed
653 2728 682 2772 et
704 2721 822 2772 aliarum
842 2724 966 2773 omnium
988 2722 1057 2791 regii
1077 2721 1223 2773 comitatus
1242 2738 1291 2772 ue-

191 2791 362 2843 cessitatem.
398 2790 429 2842 ld
447 2808 530 2854 vero,
553 2791 630 2861 quod
656 2793 685 2842 in
711 2790 817 2843 hordeo
841 2794 955 2844 nomine
973 2791 1095 2845 muneris
1127 2792 1290 2861 imperatori

191 2862 321 2923 offertur,
355 2863 385 2913 in
412 2860 496 2913 fidem
522 2878 671 2933 curamque
698 2877 775 2913 suam
799 2863 900 2930 accipit
923 2861 1027 2913 stabuli
1058 2878 1164 2923 comes,
1188 2862 1290 2931 scripto

191 2932 354 2997 consignans
370 2930 533 2996 identidem,
546 2928 680 3001 quantum
696 2932 842 3001 acceperit,
860 2950 950 2984 eoram
963 2932 1036 2985 idico
1050 2940 1079 2984 et
1095 2932 1221 2994 notariis,
1241 2931 1290 3003 qui

191 3000 273 3053 simul
290 3014 352 3051 eum
370 3001 431 3071 ipso
449 3001 522 3052 idem
536 3002 658 3066 iaciunt,
679 3002 762 3073 idque
776 3002 840 3055 ideo
861 3004 910 3065 lit,
928 3011 960 3053 ut
976 3011 1040 3071 post
1051 3002 1169 3056 reditum
1187 3001 1222 3051 ab
1240 3018 1290 3053 ex·

190 3071 335 3139 peditione
354 3070 480 3136 domum,
499 3072 610 3144 quando
630 3074 839 3141 protonotarius
869 3072 1029 3145 [generalis]
1062 3082 1091 3125 et
1108 3072 1290 3127 chartularius

192 3138 321 3212 [stabuli]
333 3142 477 3195 ‘rationem
495 3158 511 3193 a
530 3160 559 3195 se
578 3146 705 3213 praestiti
723 3152 752 3197 et
770 3146 874 3213 accepti
895 3160 981 3213 penus
1000 3142 1118 3197 reddent
1135 3146 1166 3197 in
1185 3151 1290 3196 secreto

191 3211 276 3271 iaici,
297 3213 471 3264 remittantur
484 3215 549 3283 [pro
567 3214 691 3283 proxima
708 3214 902 3283 expeditione]
917 3216 1114 3283 protonotariis
1132 3215 1207 3277 dies,
1247 3216 1290 3265 ui-

191 3282 244 3334 bus
263 3281 426 3335 debuissent
452 3284 520 3335 alias
545 3288 698 3337 necessaria
721 3293 868 3353 praestare.
905 3286 1052 3356 Postquam
1077 3234 1290 3337 traieceritlm-

190 3361 303 3423 perator
340 3352 441 3405 fretum
475 3362 503 3408 et
529 3356 687 3409 lustraverit
711 3354 904 3425 promoscllam
934 3374 983 3408 seu
1007 3358 1115 3425 privum
1137 3353 1193 3407 sibi
1211 3372 1290 3406 surrm

192 3426 359 3509 equitatum,
373 3424 484 3477 mandat
500 3428 593 3478 comiti
606 3424 718 3489 stabuli,
737 3426 876 3497 quomodo
894 3434 985 3479 actum
1005 3444 1068 3477 cum
1089 3444 1123 3479 eo
1136 3426 1213 3491 velit,
1231 3425 1291 3477 dis-

192 3493 349 3565 tribuitque
375 3512 438 3549 eum
457 3512 490 3548 eo
514 3497 616 3560 modo,
638 3500 690 3569 qui¹
705 3494 838 3565 deinceps
857 3496 972 3550 dicetur.
1008 3498 1107 3551 Comes
1126 3498 1291 3567 optimatum

193 3566 341 3617 ministerii
361 3568 493 3620 culinaris
511 3576 652 3636 praestare
671 3566 757 3619 debet
782 3569 855 3620 viros
876 3567 1027 3630 ducentos,
1049 3586 1165 3639 quorum
1183 3578 1290 3635 partem

192 3636 339 3689 dimidiam
352 3654 442 3692 comes
462 3638 565 3691 stabuli
577 3646 606 3691 et
624 3638 807 3691 chartularius
819 3641 877 3691 eins
897 3640 927 3691 in
946 3638 1028 3690 lidcm
1045 3655 1195 3709 eurumque
1214 3654 1291 3687 snam

192 3708 343 3775 accipiunt,
357 3710 522 3761 nominatim
536 3710 637 3779 scripto
656 3710 830 3778 designatos,
847 3726 897 3779 pro
913 3719 1023 3762 eentum
1040 3709 1129 3780 equis,
1145 3708 1292 3779 quicoram

192 3778 361 3845 imperatore
375 3778 522 3833 trahuntur
536 3789 564 3833 et
584 3780 782 3849 producuntur¹
819 3780 954 3833 Comitem
969 3780 1132 3850 optimatum
1144 3795 1208 3830 vero
1230 3794 1292 3830 cum

193 3848 280 3901 altera
305 3849 470 3919 optimatum
489 3852 613 3903 centuria
631 3869 708 3903 snam
730 3852 759 3903 in
782 3848 864 3904 fidem
884 3866 1033 3922 curamque
1052 3849 1193 3918 accipiunt
1209 3864 1286 3916 prae·

193 3916 281 3975 lectus
308 3936 418 3973 mensae
443 3928 472 3972 et
500 3922 665 3975 domesticus
691 3922 839 3974 ministerii
861 3921 990 3973 culinaris
1016 3930 1044 3974 et
1060 3922 1182 3991 privatus
1201 3918 1291 3987 regins

192 3989 331 4041 cellardub
367 3992 403 4046 Et
421 3990 519 4045 horum
550 3994 734 4061 posteriorum
752 3992 892 4059 octoginta
909 3993 1023 4064 quidem
1040 3990 1155 4044 trahunt
1172 4005 1245 4057 pone
1262 4004 1292 4039 se

193 4058 310 4111 totidem
330 4064 477 4129 sagmaria3
504 4064 605 4133 reliqui
628 4064 725 4134 viginti
752 4079 860 4132 gregem
878 4072 1040 4134 sequuntur.
1076 4062 1112 4113 lli
1131 4060 1292 4127 optimates,

193 4145 305 4201 unaque
330 4148 391 4187 cnm
415 4135 482 4205 ipsis
515 4132 677 4207 syntrophi,
702 4133 859 4205 accipiunt,
885 4135 1054 4205 imperatore
1079 4134 1110 4186 in
1144 4129 1292 4183 stationem
