3042 4825
263 186 345 300 740
465 131 739 279 consumtus
780 211 1148 280 nonturnocmm

256 371 417 451 πέμπτοι,
445 365 525 452 πρός
555 366 592 432 τό
615 365 733 444 αὑτοὺς
754 367 790 433 ἐν
817 369 863 455 τῷ
882 368 1017 456 δευτέρῳ
1045 367 1148 456 μίνσηι
1165 369 1220 452 τῆς
1240 369 1364 450 τραπέ-

258 467 313 552 ζης
333 463 515 550 τυγχάνειν.
557 465 587 531 οἱ
608 469 644 532 δὲ
680 460 743 531 ὑπὸ
768 469 834 532 τῶν
854 461 1011 549 Νοόνων,
1041 459 1112 552 ἦτοι
1141 465 1361 552 Βουλχόρων,

256 561 476 652 εἰσερχόμενοι
503 568 593 652 palos
621 567 657 632 ἒν
673 567 735 647 μὲν
755 568 797 652 τῇ
817 564 925 649 κλήσει
945 567 1008 630 τῶν
1037 569 1150 630 κοινῶν
1178 564 1362 650 κλητωρίων

255 669 400 750 τέταρτοι
423 661 444 750 ἢ
465 667 599 748 πέμπτοι
629 667 663 732 ἒν
683 668 723 752 τῇ
742 665 897 754 εὑωνόμρι
918 667 1008 729 θέσει
1028 647 1262 752 ιίληθήσονται,
1299 667 1361 748 dp·

254 761 360 830 λονότι
389 763 619 841 ὑποπίπτοντες
651 766 709 828 καί
736 757 831 830 αὑτοὶ
848 768 887 851 τῇ
905 767 969 829 τῶν
989 763 1164 850 πατρικίων
1183 768 1241 828 καί
1259 772 1379 848 erpo-5

257 865 360 947 τηγῶν
388 865 444 928 καί
470 860 599 930 πόντων
625 865 688 928 τῶν
715 865 750 929 ἒν
770 863 816 951 τῶ
847 863 935 952 βήλιρ
955 865 1131 949 πατρικίων
1160 863 1359 946 τεταγμένων

258 954 439 1047 ἀρχόντων,
477 961 690 1039 ἀπολαύοντες
717 965 775 1026 καί
797 955 891 1028 aizoi
920 959 976 1028 τόν
1001 964 1152 1050 όεὺτερον
1169 964 1283 1044 μίνσον
1301 962 1361 1044 τῆς

256 1065 425 1146 βασιλικῆς
453 1063 623 1147 τραπέζης.
663 1063 698 1127 όν
728 1064 765 1127 δὲ
785 1071 851 1137 τοῖς
871 1060 915 1126 ιβ’
937 1066 1000 1130 τῶν
1028 1057 1147 1149 ἑορτῶν
1177 1060 1360 1143 οἷκονβίτοις

257 1159 509 1246 κλητωρεόονται
530 1153 636 1245 όγόοοι
651 1149 712 1227 ’καί
731 1160 869 1244 ἔννατον,
898 1136 1041 1247 ὑήλονότι
1069 1162 1298 1235 ὑποπίπτοντες
1316 1161 1360 1246 τῇ

201 1297 203 1306 =
254 1259 339 1339 τάξει
361 1263 421 1324 τοὺ
441 1263 672 1347 προλεχθὲντος
694 1259 807 1346 βήλου.
849 1259 879 1325 οἱ
900 1263 936 1326 δὲ
957 1263 992 1325 ἐκ
1014 1265 1173 1348 Φρόχγων
1194 1265 1401 1344 πρέσβεις,το

106 1362 287 1442 Erthlspes'
305 1361 364 1441 μὲν
384 1357 487 1442 ἔχοιεν
515 1363 735 1444 χειροτονίας,
756 1359 837 1424 κατὰ
859 1359 976 1436 ταὺτας
996 1357 1230 1446 κληθήσονται·
1271 1360 1303 1422 εἰ
1321 1361 1361 1422 δὲ

253 1459 399 1543 παγανοί
422 1461 522 1542 εἰσιν,
552 1464 592 1548 τῇ
616 1463 681 1525 τῶν
712 1459 929 1546 όφφικιαλίων
948 1461 1164 1525 ὑποπιπτουσι
1186 1457 1284 1537 τάξει.
1326 1453 1361 1521 οἶ

255 1562 291 1624 di
310 1563 345 1625 ἐκ
364 1562 429 1624 τῶν
460 1561 579 1626 λοιπῶν
603 1562 707 1625 ἐθνῶν
729 1560 899 1644 ἐρχόμενοι
929 1563 1019 1646 pilos
1038 1563 1078 1651 τῇ
1097 1563 1163 1627 τῶν
1190 1561 1361 1643 cundopo-

253 1656 453 1726 sorditiem
478 1659 691 1724 ὑποπίπτουσι
714 1657 830 1736 πάντες
851 1660 935 1750 desp.

625 1839 631 1860 ,
726 1791 822 1864 Τόμος
840 1789 875 1848 δ’.
1361 1763 1403 1827 ¹5

334 1895 461 1984 Ἔπειόή
484 1899 538 1982 τῆς
558 1897 621 1961 τῶν
643 1885 831 1979 οἷρτικλινῶν
850 1891 1026 1980 ἐπιστήμης
1047 1891 1151 1978 ι’όικήν
1182 1917 1254 1958 τινα
1278 1919 1359 1979 πρα-

255 1999 410 2083 γματείαν
431 1993 686 2082 συχνρόψασθαι
708 1995 978 2076 ἐσπουδάσαμεν,
1012 1992 1068 2058 καί
1086 1992 1141 2069 τὰς
1160 1995 1220 2058 τοὺ
1240 1995 1359 2058 οἰκείου

255 2097 481 2176 πολιτεύματος
502 2097 593 2171 α’ξίας
615 2096 852 2180 ἐκφανιορικῶς
872 2095 908 2159 όν
927 2103 997 2169 ταῖς
1017 2096 1194 2180 καθίδραις
1215 2093 1359 2176 οἷκριβῶς

255 2197 447 2277 ἐξειλόμεθα,
484 2192 540 2258 καί
566 2192 625 2276 τήν
645 2195 708 2256 τῶν
728 2193 824 2277 ἱερῶν
843 2191 1018 2275 βασιλικῶν
1040 2192 1220 2279 κλητωρίων
1240 2193 1358 2258 eriora}-

226 2298 332 2363 Βθιαν
351 2297 408 2357 καί
426 2290 623 2356 κατάστασιν
645 2289 720 2371 ὑμῖν
741 2289 959 2373 ὑπεδείξαμεν,
982 2293 1061 2376 φέρε
1083 2290 1121 2376 δή
1138 2291 1196 2355 καί
1212 2291 1271 2368 τοὶς
1290 2293 1403 2358 ἰδέ-το

230 2380 296 2469 ἀς
315 2395 380 2458 τῶν
400 2393 453 2479 ἐφ’
473 2387 590 2479 ἑκάστη
611 2384 705 2477 ἑορτῇ
724 2395 975 2476 κικλησκομένων
1003 2385 1194 2472 ἆξιωμότων
1222 2390 1279 2457 καί
1302 2389 1359 2469 τὰς

257 2579 385 2633 collocati
405 2576 504 2630 sedent
515 2576 544 2627 iu
563 2576 673 2628 sinistra
692 2576 833 2645 positione
853 2573 916 2648 [seu
932 2578 1021 2647 prima
1040 2592 1133 2628 mensa
1151 2577 1246 2647 plagae
1264 2577 1360 2629 tricli-

257 2649 301 2703 nii
319 2644 465 2718 sinistrae]
492 2647 585 2717 quarti
609 2662 624 2695 a
647 2648 786 2714 principio
807 2657 857 2699 aut
881 2646 994 2717 quinti,
1028 2645 1094 2718 quis
1117 2664 1218 2716 nempe
1237 2647 1290 2699 sub
1310 2664 1358 2700 se·

258 2719 380 2774 cundum
405 2720 518 2771 missum
543 2716 652 2768 eadunt
689 2716 746 2785 Qui
767 2715 802 2768 ab
826 2718 934 2769 llunnis
961 2719 1119 2786 Bulgnrisve
1149 2718 1229 2770 amici
1256 2717 1358 2769 adiue-

258 2793 331 2853 rint,
355 2792 385 2842 in
404 2790 563 2842 evocatione
582 2788 768 2840 communium
787 2795 816 2839 et
835 2798 1028 2841 consuetorum
1051 2790 1238 2841 conviviorum
1262 2790 1358 2859 quarti

259 2868 309 2915 aut
329 2860 419 2931 quinti
439 2859 643 2911 introvocnntor
660 2858 689 2907 in
708 2856 828 2909 secunda
849 2858 1005 2927 positione,
1024 2860 1130 2910 scilicet
1144 2862 1228 2913 etism
1246 2858 1275 2909 hi
1292 2866 1358 2926 post

258 2931 393 3004 patricios
421 2928 588 2999 eosdemque
615 2934 748 2995 strategos
765 2936 793 2979 et
810 2944 905 2979 omnes
924 2929 953 2980 in
971 2927 1103 3000 velo[seu
1122 2926 1248 2999 corpore]
1268 2931 1358 2997 pairi-

260 3004 365 3055 ciorum
384 3001 559 3059 constitutos,
577 3006 604 3049 et
622 2998 703 3047 simul
716 3016 777 3049 cum
787 3000 909 3066 patriciis
919 2998 955 3051 ad
966 3000 1116 3065 Augustum
1133 2999 1241 3051 admitti
1259 3000 1356 3051 solitos

259 3072 454 3139 magistratu-3
474 3078 504 3120 ut
529 3068 611 3119 etism
636 3068 691 3137 ipsi
716 3069 838 3121 secundo
858 3072 942 3120 missu
963 3084 1054 3120 sacrae
1080 3086 1191 3121 mensae
1221 3070 1356 3122 ferrantur.

258 3143 292 3194 In
313 3141 493 3192 novendecim
512 3138 644 3190 accubitis
663 3146 772 3201 nutem,
793 3140 843 3208 qui
862 3140 995 3191 celebrari
1020 3139 1119 3191 diebus
1143 3140 1220 3191 lestis
1248 3140 1356 3203 solent,

261 3219 409 3265 evocantur
426 3210 455 3261 hi
474 3211 562 3261 octavi
580 3217 628 3260 unt
645 3211 728 3273 uoni3
757 3211 865 3262 scilicet
883 3219 946 3278 post
962 3210 1053 3261 velum
1073 3226 1121 3260 seu
1140 3226 1237 3279 corpus
1255 3228 1356 3279 proce-

260 3299 321 3335 rum
339 3280 518 3350 praedictum.
556 3278 721 3331 Francorum
739 3279 851 3332 tandem
866 3281 958 3349 legati,
976 3282 1000 3331 si
1020 3278 1132 3351 ipuirlcm
1151 3281 1274 3333 investiti
1290 3288 1358 3333 sunt

263 3351 426 3404 muneribus
455 3352 546 3421 iisque
580 3350 747 3419 funguutur,
782 3359 930 3403 evocantur
952 3350 1103 3403 secundum
1127 3350 1185 3405 illa.
1234 3352 1263 3403 si
1288 3368 1355 3403 vero

261 3430 327 3476 suut
344 3421 443 3491 pagani
462 3438 509 3471 seu
529 3422 597 3473 cassi
616 3419 813 3489 dignitatibus,
831 3421 1038 3493 subsequuntur
1055 3422 1172 3474 elnonem
1190 3421 1358 3481 officialium,

261 3492 420 3562 Reliquise
447 3490 574 3561 gentibus
603 3489 783 3545 advenientes
804 3493 887 3544 amici
908 3490 1060 3546 succedunt
1085 3492 1121 3545 ad
1147 3509 1233 3546 unum
1258 3510 1356 3547 omnes
1401 3556 1405 3559 .

262 3563 342 3617 classi
360 3558 707 3634 spatharocandidatorum.

693 3681 777 3719 ossus
794 3678 926 3730 onum.

225 3818 228 3823 ,
331 3769 477 3838 Postquam
499 3766 581 3837 igitur
608 3767 741 3820 scientiae
765 3768 935 3826 orticlinicse
964 3769 1112 3839 specialem
1137 3767 1275 3839 quandam
1299 3776 1358 3821 tre·

261 3840 411 3893 clationem
432 3836 603 3891 conscribere
632 3838 790 3902 studentes,
816 3839 927 3909 imperii
949 3842 1038 3892 nostri
1065 3838 1214 3909 dignitates
1239 3838 1356 3891 demon-

261 3910 374 3965 strative
399 3908 584 3979 distincteque
612 3910 788 3978 exposuimus
809 3926 1002 3981 sacrorumque
1020 3912 1208 3963 conviviorum
1226 3908 1354 3963 decorem

262 3990 347 4052 atque
366 3982 594 4033 constitutionem
611 3980 689 4031 vobis
701 3980 898 4033 exhibuimus:
918 3980 1034 4049 agedum
1050 3982 1169 4034 narrabo
1187 3980 1265 4035 robis
1282 3997 1355 4052 quo·

261 4067 332 4122 que,
361 4050 499 4123 quomodo
518 4051 622 4120 species
644 4048 827 4118 dignitatum,
845 4068 916 4123 quae
934 4053 964 4105 in
982 4068 1152 4124 unoquoque
1169 4052 1216 4105 die
1235 4050 1306 4105 sesto
1320 4050 1356 4103 sd

262 4138 384 4176 mensam
398 4123 490 4176 senari
508 4120 608 4187 solent,
626 4130 655 4175 ct
671 4122 856 4181 multiformes
874 4138 968 4179 earum
982 4127 1107 4191 restitus,
1125 4123 1229 4197 quibus
1254 4136 1357 4195 quam·
