3042 4825
289 191 376 284 618
493 221 765 292 consumans
794 211 1161 297 romannorum

288 379 402 460 στέον,
440 369 491 443 ὅτι
509 377 549 467 τῇ
568 378 663 467 ὀγδόῃ
695 381 800 469 ἦμέρρι
827 383 1060 463 καλλωπίζεται
1087 379 1179 469 ὅτῆς
1200 379 1390 470 αίγοέστης

286 475 402 542 aestuis
411 476 492 558 μετὰ
509 481 575 544 τῶν
586 477 843 568 χρυσοῦφιὶνιιον
861 479 967 568 βήλων
981 487 1040 547 τοῦ
1050 483 1312 570 χρυσοτρικλινου
1326 483 1392 548 κατ’

261 575 549 663 Βπολυκανέήλαν.
589 583 647 646 καί
669 578 751 663 μετὰ
774 579 810 648 τέ
831 585 980 666 γενέσθαι
1000 582 1089 671 παρὰ
1110 586 1171 650 τοῦ
1194 582 1303 669 ἱερέως
1322 579 1390 670 τὴν

285 666 387 761 erigis
412 678 449 742 sis
478 679 524 765 τῷ
552 678 747 776 προπυλαίιρ.
768 681 824 764 τῆς
853 682 1021 767 ἐκκλησίαις
1046 681 1104 747 καί
1129 685 1316 768 ἐπιτεθῆναι
1341 679 1383 745 τὸ

284 773 376 859 παρὰ
398 776 464 839 τῶν
483 775 594 861 δήμων
614 777 800 864 έκφωνηθὲν
821 771 923 861 ὄνομα
945 781 1031 870 αὐτῷ
1050 779 1108 846 καί
1124 777 1159 846 sd
1182 778 1309 861 ἱμάτιον
1326 781 1411 860 sis-5
1435 763 1442 778 ⁸

118 928 125 938 .
195 917 200 922 -
283 875 424 958 δοθῆναι
445 870 541 941 πάλιν
572 876 767 963 ἀποφέρεται
787 876 822 943 τὰ
843 879 994 962 παιδίον,
1027 881 1086 945 καί
1110 883 1235 945 rederet
1261 881 1309 956 είς
1336 878 1380 945 ed

284 975 429 1056 κουνιλνν,
456 977 515 1039 καί
541 969 846 1062 ἐπισκιπσίζονταιῆ
873 969 1091 1062 sendradum
1122 979 1179 1042 καί
1195 975 1231 1042 τὸ
1252 979 1389 1044 παιδίον

282 1073 502 1159 ἐφαπλώμαια
527 1072 780 1162 χρυσυΰφυντα.
823 1071 1045 1142 cicatricosi
1074 1077 1131 1162 τῆς
1148 1076 1306 1162 τραπέζης
1324 1077 1386 1160 τῆς

282 1167 458 1257 οίγσυστης
476 1177 733 1258 προσκαλοῦνται
752 1176 784 1241 υἱ
804 1171 1023 1264 πραιπόσιτυι,
1045 1179 1102 1241 καί
1123 1173 1179 1240 διὰ
1200 1177 1264 1240 τοῖν
1281 1197 1384 1260 πραι-

281 1271 418 1337 ποσιτισν
438 1267 616 1355 εἰσάγονται
636 1271 669 1338 οἱ
688 1266 842 1361 ἄρχοντες
861 1278 922 1339 τοῦ
949 1277 1174 1357 κουβουκλοίου
1195 1275 1252 1338 καί
1270 1271 1302 1336 οἱ
1319 1274 1430 1340 τοῦτο

280 1369 504 1454 κσυβουκλειλισ
531 1370 661 1455 πάντες,
696 1377 753 1440 καί
778 1377 913 1460 καθεξῆς
940 1373 1119 1458 εἰσάγονται
1140 1371 1204 1438 dud
1226 1375 1287 1436 τοῦ
1306 1393 1381 1436 και-

280 1473 431 1557 νουργίου
449 1470 607 1556 τρικλίνου
629 1471 665 1537 αῖ
686 1472 807 1553 ζωσταί
824 1476 882 1537 καί
900 1470 936 1538 αἱ
952 1475 1199 1559 μαγίστρισσαι,
1229 1464 1380 1535 ἀνθυπά-

279 1573 392 1636 ιισσαί
404 1593 437 1634 τι
453 1572 511 1634 καί
521 1574 685 1658 πατρίκιοι
698 1574 753 1638 καί
770 1575 1062 1660 πρωτοσπαθαρέαι
1077 1570 1307 1658 έφφικιαλαίαι
1320 1571 1380 1634 καί

249 1667 314 1735 cai
334 1672 446 1735 λοιπαί
466 1669 692 1756 συγκλητικαί,
729 1667 790 1738 sit*
811 1667 911 1747 οὕτως
932 1670 967 1737 αἱ
986 1675 1049 1738 τοῖν
1069 1669 1317 1758 προρίρρθέντων
1336 1664 1379 1735 ἆ-

279 1766 446 1852 ξιαμιέταν
465 1764 725 1853 ἄπαξιανματικαί
739 1774 857 1857 χῆραι,
892 1774 950 1837 καί
973 1769 1165 1854 ἐποίχονται
1194 1765 1423 1853 rinengam-15

278 1875 415 1937 σιοῦσαι
442 1873 498 1937 καί
525 1872 732 1957 ειίφημοῦσαι
758 1869 814 1957 τὴν
844 1866 1043 1955 adrodatur,
1076 1869 1133 1935 καί
1157 1867 1193 1934 τὸ
1213 1871 1373 1954 προσῆκον

278 1971 474 2052 ἄπονὲμσυσι
493 1971 610 2054 σέβας,
638 1972 701 2052 μία
720 1967 836 2055 ἑκάστη
856 1966 1028 2053 εἰσάγουσα
1049 1971 1173 2050 ξένιον,
1193 1961 1269 2053 ὅπερ
1291 1963 1371 2032 κατὰ

277 2071 464 2153 προαίρεσιν
484 2064 562 2152 ἔχει.
583 2065 663 2149 μετὰ
685 2070 723 2135 δὲ
740 2065 777 2133 τὸ
797 2071 863 2134 τῶν
885 2069 1044 2153 γυναικοῖν
1064 2067 1211 2150 σέκρετον
1229 2067 1373 2150 εἰσάγον·

276 2191 332 2232 ται
352 2163 416 2231 α’πό
435 2171 495 2231 τοῦ
512 2169 693 2232 λουσιακοῦ
712 2164 768 2232 διὰ
783 2169 840 2232 τοῦ
854 2162 1026 2254 ὦρολογίου
1047 2165 1102 2229 καί
1119 2168 1179 2230 τοῦ
1195 2187 1371 2250 χρυσσιρι-

275 2263 383 2330 κλίνου
403 2265 435 2329 οἱ
453 2268 510 2350 τῆς
527 2263 705 2350 συγκλήτου
727 2260 870 2346 ἅπαντες,
890 2263 1071 2348 μάγιστρυι,
1092 2255 1287 2347 aiveinana,
1308 2289 1414 2332 ιτα-ου

275 2364 392 2454 τριλιιοι
414 2365 471 2431 καί
495 2359 716 2454 ὄφφικιάλιοι,
755 2367 812 2431 καί
838 2361 1030 2449 ἐποίχονται
1059 2358 1373 2450 ἅπτυχαριστυῦνιες

279 2570 381 2646 [suomi
404 2578 434 2625 et
460 2572 545 2624 nurui
560 2570 725 2644 puerperae]
751 2577 780 2624 et
800 2570 901 2623 infanti
921 2568 1171 2641 porphyrogenito,
1197 2582 1281 2639 qoem
1304 2574 1372 2621 tunc

274 2646 395 2713 primum
413 2645 526 2695 nomine
547 2650 628 2694 tenus
647 2645 740 2694 citant.
779 2642 880 2693 Octavo
902 2640 948 2693 die
966 2648 1114 2693 exornatur
1130 2640 1269 2709 Augustae
1286 2654 1373 2707 puer·

274 2728 360 2783 perse
382 2721 481 2767 cocton
499 2730 548 2766 seu
566 2713 724 2764 cubicuium
741 2712 809 2764 veiis
822 2712 1036 2779 chrysotriclinii
1049 2728 1116 2763 auro
1134 2708 1218 2763 textis
1242 2715 1270 2761 et
1288 2708 1370 2777 poly-

275 2783 406 2837 caudelis.
443 2785 475 2836 ln
493 2784 573 2835 iilum
600 2792 743 2836 coetaneus
761 2783 880 2835 refertur
897 2782 989 2835 inians
1008 2798 1042 2833 ex
1066 2781 1200 2843 ecclesia,
1222 2786 1369 2900 postguam

273 2852 399 2906 sacerdos
417 2854 447 2905 in
473 2853 531 2905 eius
548 2855 697 2923 propylaeo
717 2870 766 2905 seu
795 2852 864 2905 atrio
887 2853 1093 2921 superinstante
1113 2852 1265 2903 orationem
1306 2850 1370 2901 ixe-

272 2926 373 2989 rit‚·et
391 2939 544 2988 nomen‚a
574 2924 740 2977 factionibus
767 2922 873 2975 editum
904 2923 957 2992 ipsi
980 2920 1143 2991 imposuerit
1173 2928 1201 2972 et
1224 2919 1368 2972 indusium

273 2992 328 3063 ipsi
346 2994 478 3047 induerit.
505 2996 616 3046 Relatns
633 2994 669 3046 ad
686 3004 799 3047 matrem
817 2993 907 3046 inians
927 2993 1076 3062 deponitur
1093 2993 1123 3043 in
1141 2992 1230 3055 cuuis,
1250 2999 1279 3043 et
1297 2990 1367 3041 inii-

273 3064 384 3137 cinntur
411 3074 469 3117 tam
494 3065 630 3135 Augustae
660 3080 826 3135 puerperae,
850 3080 933 3136 quam
957 3064 1083 3127 infanti,
1111 3061 1200 3132 panni
1225 3060 1270 3112 vel
1295 3060 1368 3112 telae

272 3152 340 3192 suro
359 3144 463 3191 textae.
499 3136 574 3190 Dein
596 3136 762 3189 advocantur
783 3136 935 3205 praepositi
953 3133 989 3185 ab
1013 3131 1156 3197 eunucho,
1183 3130 1232 3202 qui
1257 3146 1367 3183 mensae

272 3207 458 3276 imperatricis
475 3199 592 3275 pra'eest.
628 3207 781 3277 Praepositi
800 3222 881 3275 porro
915 3202 1094 3259 introducunt
1115 3203 1289 3273 magistratus
1315 3216 1367 3253 cu-

271 3274 359 3329 biculi
386 3276 565 3347 eiusdemque
595 3278 735 3330 ministros
764 3277 886 3348 reliquos
918 3290 1020 3327 omnes.
1070 3274 1207 3343 Deinceps
1238 3270 1367 3324 introdu-

273 3356 372 3400 cuntur
398 3365 413 3401 e
436 3349 581 3417 caenurgio
604 3357 710 3412 nostae,
743 3347 941 3415 magistrissae,
972 3343 1194 3413 anthypatissae,
1215 3342 1366 3411 patriciae,

271 3418 515 3487 protospatharcac
541 3418 684 3470 officiatise
709 3425 738 3469 et
756 3418 878 3488 reliquae
902 3414 1020 3468 feminae
1054 3413 1227 3467 senatoribus
1253 3415 1366 3465 marita·

270 3496 324 3541 tae.
361 3491 427 3541 Post
441 3506 487 3541 eas
504 3488 717 3541 introducuntur
733 3486 849 3551 viduae,
874 3502 990 3557 quarum
1014 3486 1107 3538 mariti
1131 3484 1214 3546 olim,
1237 3482 1302 3534 dnm
1319 3482 1364 3535 vi-

270 3568 383 3622 verent,
414 3532 566 3629 pisedictas
590 3558 738 3628 dignitates
762 3559 864 3609 aulicas
893 3550 1047 3627 gesserant,
1080 3571 1154 3608 nunc
1177 3561 1241 3624 post
1268 3570 1361 3607 eorum

271 3628 412 3681 decessum
431 3629 529 3698 gradu,
551 3647 632 3701 quem
653 3636 734 3680 antea
754 3629 827 3681 inter
845 3629 959 3681 seminas
977 3629 1107 3699 primates
1126 3631 1290 3687 tenuerant,
1310 3624 1361 3676 de-

270 3699 366 3753 iectae.
403 3700 461 3752 flac
482 3715 576 3752 omnes
595 3698 704 3751 felicem
721 3706 830 3771 partum
854 3698 991 3767 Augustae
1017 3698 1166 3769 gratulatae
1192 3694 1361 3749 benedicunt

269 3772 341 3841 ipsi,
366 3770 544 3840 debitamque
567 3767 696 3823 tribuunt
719 3770 830 3822 infanti
849 3770 1029 3823 reverentiam
1054 3768 1223 3838 traduntque
1247 3766 1360 3817 xenium

270 3857 319 3894 seu
336 3840 528 3894 munusculum
545 3841 756 3895 benevolentiae
775 3858 837 3910 erga
855 3855 956 3893 novum
973 3840 1109 3909 hospitem
1127 3838 1260 3891 advenam
1279 3837 1360 3889 testi·

270 3911 393 3965 ficandae
411 3912 594 3975 destinatum,
619 3910 693 3983 quod
718 3926 901 3981 unaquaeque
924 3911 1115 3981 qualecunque
1140 3924 1188 3977 pro
1212 3906 1304 3960 lubitu
1330 3912 1359 3957 ct

270 3982 378 4037 delectu
396 4001 445 4035 suo
463 3998 555 4036 secum
573 3984 636 4041 fert.
671 3983 734 4035 Post
750 3980 1046 4034 dimissum-muliebre
1072 3988 1205 4032 secretum
1224 3994 1272 4029 seu
1299 3992 1360 4029 cor·

268 4072 320 4124 pus
339 4054 552 4109 introducuntur
570 4072 585 4106 a
603 4055 724 4107 lauriaco
741 4068 791 4122 per
809 4052 978 4123 horologium
998 4061 1027 4104 et
1047 4048 1296 4118 chrysotriclinium
1314 4060 1359 4097 se-

268 4133 377 4180 natores
403 4140 511 4192 omnes,
540 4126 679 4197 magistri,
707 4124 901 4195 proconsules,
925 4123 1049 4194 patricii,
1079 4120 1221 4184 officiales,
1244 4126 1272 4171 et
1299 4132 1359 4170 cuns
