3042 4825
275 138 363 243 400
446 111 453 120 ⁵
488 166 760 235 concisurus
790 166 1158 235 ronrurnoaaurn

275 344 388 405 χοντες
408 311 534 408 ὄφελον
553 324 736 405 ποιεῖσθαι,
762 319 820 387 aas*
838 325 874 389 ἐκ
892 326 953 389 τοῦ
973 321 1189 411 ἅσομψανσός
1208 323 1378 409 ἐγρηγορέ-

277 446 355 503 ναι,
389 419 446 485 καέ
472 418 646 508 φυλάττειν
672 418 709 485 τό
739 425 851 507 σχῆμα
877 426 978 489 τοῦτο.
1021 419 1051 487 oi
1073 424 1217 489 δσνκικσί
1237 424 1272 487 δέ
1292 421 1375 487 κατὰ

274 519 310 586 τό
331 517 448 595 εἰωθός
466 519 502 585 τό
531 516 704 605 δαπάνημα
722 524 778 607 τῆς
807 519 888 586 sideri
915 522 1015 609 μέχρι
1043 524 1107 587 τῶν
1134 523 1276 587 ἐνταῦθα
1296 518 1380 605 ἦμε-

274 621 341 704 ραῖν
360 614 407 705 py'
428 616 639 687 ἐπιδιδόασιν.
679 622 839 687 τοσαῦται
857 618 919 709 γαρ
941 624 975 700 ἐξ
996 622 1101 708 α’ρχῆς
1115 618 1295 707 ὅρι’σθησαν
1315 618 1379 705 α’ρ-

272 727 339 783 κεῖν
358 722 404 806 τῷ
423 722 603 806 πρεσβευτῇ
629 712 768 803 όνιόντι,
798 723 854 787 καὶ
871 724 1026 788 τοσαῦται
1053 716 1190 787 (ἐπιόντι.
1232 716 1318 785 ἔστιν
1339 720 1402 792 δέ5

273 812 325 885 ὅτε
344 807 489 906 βραδύνῃ
510 818 545 884 έν
565 821 607 906 τῇ
628 816 711 907 όδῷ,
732 820 791 885 καῖ
815 818 937 885 κελεόει
960 819 978 883 δ
999 818 1172 903 βασιλεός,
1199 817 1257 884 καί
1273 838 1375 902 προσ-

126 912 358 1001 naias-atrine
390 917 479 1005 αδτῷ
504 919 636 1000 γίνεται.
675 914 756 1005 ἧδέ
785 922 903 1005 ψνοόσις
930 920 994 985 τῶν
1023 918 1255 1002 έπιδεδομέναν
1286 917 1378 1004 αδτῷ

189 1076 193 1085 .
272 1016 409 1095 σιόζεται
434 1016 470 1081 ἐν
488 1019 533 1104 τῷ
552 1019 683 1107 σκρινέψ
703 1021 767 1084 ταῖν
795 1014 977 1106 βαρβάρων.
1020 1016 1077 1085 καὶ
1095 1019 1213 1105 βέρεδα
1233 1016 1270 1081 δέ
1290 1010 1375 1081 anati

271 1111 313 1181 τό
333 1113 438 1179 sedare
459 1115 515 1180 ἐπὶ
533 1118 791 1183 Κωνσιαντινου·
809 1113 954 1205 ἐπόρχοο
978 1120 1184 1206 πραιτωρίοιν
1203 1116 1373 1201 γενομένου

272 1207 460 1299 ἐπενεμήθη
490 1214 580 1302 edrai
606 1216 719 1297 πέντε,
753 1218 812 1282 καί
838 1219 906 1297 ζῶα
926 1214 963 1283 λ’.
1006 1217 1085 1283 ddi
1112 1212 1283 1299 βασιλεὺς,
1314 1209 1419 1281 idere

272 1312 352 1401 θέλῃ
380 1315 584 1411 θεραπεόσαι
610 1308 729 1397 αότδν,
766 1314 847 1381 naid
874 1319 970 1381 πλέον
1000 1315 1087 1404 arisai
1112 1316 1301 1401 ἐπιδοθῆναι
1320 1334 1375 1377 κε-

275 1408 373 1478 λεόει.
413 1412 446 1477 εἰ
465 1413 501 1477 δέ
520 1414 611 1479 θέλει
628 1417 689 1480 καὶ.
705 1418 839 1500 τιμῆσαι
861 1413 975 1498 adeda,
1010 1412 1075 1503 χρὴ
1096 1417 1225 1499 πέμψαι
1245 1416 1302 1479 aaa*
1321 1414 1375 1477 δέ·

128 1510 397 1602 δίιιόοδνξασθαι
426 1506 527 1578 oriris
560 1513 616 1579 διό
646 1538 732 1591 τινος
758 1514 822 1580 vtes
850 1516 1101 1603 εδοπολήμπτοον
1128 1516 1185 1581 ἐπέ
1209 1514 1374 1581 Γαλατίαν

255 1613 331 1679 ,ναί
357 1613 594 1678 Καππαδοκῶν
618 1612 676 1677 aori
700 1616 851 1700 θρέψαι·
894 1609 1012 1698 δμοίως
1039 1616 1076 1679 δέ
1104 1616 1234 1698 πέμψαι
1252 1610 1309 1677 καὶ
1327 1612 1374 1687 εἷς

274 1712 416 1775 Νίκαιαν
434 1712 491 1775 καί
508 1714 635 1797 θρέψαι
656 1711 714 1777 καὶ
738 1716 952 1799 θεραπεῦσαι.
994 1715 1098 1781 δεῖδὲ
1118 1710 1176 1777 καὶ
1193 1707 1251 1777 τόν
1275 1704 1417 1795 satyr-rs

273 1831 384 1895 στρον,
421 1809 594 1895 ἐρχομένου
632 1812 733 1876 edroi
760 1810 838 1897 περὶ
863 1812 1077 1895 Ἀντιόχειαν,
1118 1814 1248 1895 πέμψαι
1275 1834 1375 1893 μαγι-

243 1904 421 1992 Βοτριανδν
449 1907 620 1993 όφειλοντα
649 1910 828 1995 ἀπαντῆσαι
850 1909 906 1975 καὶ
934 1910 1147 1977 α’σπόσασθαι
1175 1907 1290 1991 αδτόν,
1320 1906 1377 1975 zat

274 2009 403 2087 μαθεῖν,
424 2008 493 2081 πῶς
521 2002 725 2086 διασώζεται.
766 2010 797 2073 εἰ
816 2004 852 2073 δὲ
873 2010 961 2073 θέλει
982 2003 1000 2071 ό
1020 2004 1193 2092 βασιλεός,
1213 2008 1270 2073 καί
1287 1999 1374 2087 ἅπαξ

275 2104 333 2170 καὶ
359 2100 506 2188 δεότερον
533 2108 629 2171 τοῦτο
658 2116 761 2187 ποιεῖ,
796 2107 853 2173 καί
880 2104 1001 2195 γράφει
1020 2109 1077 2172 καί
1096 2102 1289 2189 α’σπόζεται,
1318 2108 1376 2171 καί

276 2205 380 2291 ἐρωτᾷ
404 2200 514 2285 αὐτόν,
542 2206 611 2279 πιός
631 2204 835 2283 διασώζεται.
877 2203 944 2291 χρὴ
966 2207 1002 2271 δέ
1031 2207 1121 2295 αὐτῷ
1151 2208 1205 2271 καί
1231 2208 1296 2285 ζῶα
1316 2204 1413 2275 eri-ao

275 2304 494 2391 τρεπισθῆναι
514 2299 814 2371 ἐνἙλενοπόλειναέ
832 2301 1007 2391 δρόμονας,
1029 2306 1093 2390 ἵνα,
1115 2304 1179 2371 εἴτε
1198 2301 1370 2389 βούλεται,

273 2508 427 2570 mulanter,
454 2512 487 2558 nt
503 2505 534 2556 id
552 2519 633 2574 agere
660 2505 696 2556 ab
725 2507 794 2577 ipsis
817 2523 875 2560 non
900 2503 1150 2577 deprehendantur.
1192 2505 1290 2559 Dueici
1309 2503 1372 2577 [hoe

273 2585 317 2630 eat
334 2575 462 2629 homines
480 2575 518 2626 ad
534 2577 658 2628 officinm
687 2576 788 2630 ducum
806 2577 919 2630 illorum
936 2577 1105 2641 thematum,
1131 2591 1182 2647 per
1199 2593 1271 2646 quae
1286 2577 1371 2630 truie·

273 2650 400 2711 otnant,
426 2648 620 2720 pertinentes}
648 2647 786 2715 impensas
810 2648 919 2700 itineris
945 2648 1072 2702 adhunc
1094 2663 1182 2718 usque
1201 2646 1303 2698 Urbem
1321 2663 1371 2699 au·

272 2726 379 2788 gnatam
398 2719 429 2768 in
452 2726 563 2770 centnm
590 2725 620 2768 et
636 2725 692 2769 tres
711 2718 770 2769 dies
795 2727 944 2788 praestant.
981 2721 1037 2774 Tot
1060 2718 1133 2770 enim
1151 2716 1186 2768 ab
1211 2717 1294 2770 initio
1313 2725 1370 2769 sta-

272 2789 324 2840 tim
343 2796 372 2841 et
389 2789 444 2839 iarn
462 2805 479 2840 a
497 2789 580 2858 longo
596 2797 653 2841 tem
675 2805 722 2840 ore
756 2790 853 2842 statuti
871 2789 985 2844 fuerunt
1003 2798 1031 2841 et
1046 2790 1085 2841 ins
1106 2789 1176 2841 utati
1200 2787 1259 2840 dies
1277 2788 1368 2858 legato

273 2868 332 2912 tans
351 2860 432 2910 illinc
451 2860 522 2925 huc,
546 2875 630 2929 quam
650 2805 717 2910 dinc
743 2859 813 2912 illuc
835 2859 970 2914 tendenti.
1006 2807 1148 2913 Interdum
1167 2868 1260 2910 tamen
1277 2875 1369 2910 moras

273 2929 305 2980 in
319 2930 365 2981 vla
377 2929 465 2981 trahit
477 2939 507 2984 et
522 2930 585 3000 plna
601 2931 733 3000 temporis
747 2931 900 3000 impendit3
924 2931 1051 3004 adeoque
1064 2929 1176 2982 indultu
1190 2930 1367 3000 Imperatoria

273 2999 402 3064 additur,
426 3001 503 3073 qnod
520 3001 642 3053 excurrit
661 3001 855 3070 impensarum.
893 3003 1001 3056 Notitia
1022 3017 1086 3055 vero
1106 3003 1151 3055 rel
1172 3000 1314 3053 indiculus
1337 3001 1368 3054 in

273 3087 338 3123 eum
370 3073 558 3140 impensorum
586 3071 738 3141 deponitur
764 3073 943 3128 asservandus
977 3074 1009 3125 in
1045 3072 1147 3124 scrinio
1176 3072 1367 3124 barbarorum.

270 3142 469 3195 Attribunntnr
484 3144 575 3212 legato
590 3142 741 3195 seeundum
758 3153 839 3212 pacta
858 3145 909 3197 sub
924 3145 1108 3200 Constantino
1123 3142 1264 3213 praelecto
1286 3158 1368 3212 prae·

270 3214 408 3266 toriorum
437 3214 550 3266 condita
562 3213 661 3266 vereda
678 3213 804 3285 quinque
821 3223 850 3267 et
863 3216 934 3268 muli
953 3217 1073 3285 triginta.
1092 3216 1195 3268 Verum
1215 3216 1368 3284 Imperator

293 3283 385 3336 nando
397 3285 489 3354 ipsum
502 3284 638 3337 demereri
644 3285 706 3339 vult
717 3283 869 3348 beneficiis,
888 3287 968 3340 iubet
980 3288 1035 3357 ipsi
1055 3286 1136 3356 plura
1154 3283 1366 3337 subministrari.

271 3301 303 3408 gi
311 3371 376 3409 vero
388 3354 520 3425 insignite
531 3356 622 3425 ipsum
632 3354 769 3409 honorare
777 3356 847 3421 vult,
866 3357 950 3411 debet
961 3357 1017 3427 ipsi
1026 3357 1148 3428 aliquem
1156 3357 1245 3410 rirum
1251 3370 1366 3424 magnae

272 3427 445 3479 auctoritatis
460 3433 489 3478 et
504 3425 610 3496 probae
626 3427 839 3482 existimationis
855 3430 885 3482 in
901 3428 1038 3482 Galatiam
1054 3437 1082 3481 et
1100 3425 1302 3496 Cappadociam
1315 3426 1366 3478 olr-

271 3499 345 3550 viam
364 3499 490 3560 mittere,
509 3497 559 3568 qni
575 3497 602 3547 ei
618 3498 722 3550 vintnm
740 3500 846 3551 cultum
869 3515 903 3552 ne
922 3515 1030 3552 omnem
1049 3498 1235 3550 necessarium
1254 3505 1283 3550 ct
1295 3495 1367 3548 rele-

270 3567 377 3622 ctiones
396 3575 526 3638 praestet.
562 3567 655 3620 alium
681 3569 767 3620 simili
794 3517 877 3624 modo
905 3569 989 3622 debet
1010 3570 1141 3624 Nicaeam
1164 3569 1292 3631 mittere,
1315 3565 1366 3638 qui

269 3637 417 3706 splendide
442 3639 532 3709 ipsnm
554 3636 595 3688 ihi
617 3639 724 3691 nutriat
742 3641 816 3693 colat
836 3659 879 3694 ue.
914 3642 1045 3712 Magister
1060 3649 1152 3694 autem
1172 3638 1257 3692 debet
1273 3639 1365 3706 legato

268 3725 357 3778 prope
372 3709 409 3760 ad
421 3708 596 3763 Antiochiam
611 3708 752 3762 accedenti
768 3729 810 3764 nra
831 3713 975 3766 satrianum
994 3713 1117 3784 aliquem
1130 3710 1241 3765 obviam
1253 3711 1364 3762 mittere

268 3779 411 3832 salutandi
434 3796 515 3831 causa
535 3789 564 3832 et
576 3780 748 3846 sciscitandi,
768 3731 870 3854 quidun
887 3784 992 3848 modia,
1009 3793 1037 3836 et
1056 3783 1129 3837 satin
1148 3797 1182 3834 ex
1199 3781 1286 3833 animi
1301 3793 1365 3830 sen-

266 3852 357 3904 tentia
381 3867 432 3921 per
444 3851 516 3902 viam
529 3851 691 3921 excipiatur.
727 3853 803 3906 Idem
817 3856 981 3924 Imperator,
1011 3855 1034 3907 si
1048 3855 1124 3918 vult,
1143 3851 1225 3916 iacit,
1244 3859 1273 3903 at
1286 3850 1365 3901 litte·

267 3922 306 3974 ris
321 3922 427 3992 pariter
445 3922 593 3993 verbisque
616 3921 754 3976 mandatis
775 3925 896 3994 legatum
918 3925 1002 3978 semel
1024 3927 1124 3977 iterum
1146 3939 1182 3976 ue
1202 3923 1318 3984 salutat,
1336 3923 1366 3970 ct

158 4033 164 4045 .
267 3994 431 4058 sciscitatur,
450 3992 590 4066 quomodo
599 3995 776 4047 conducatur.
801 3997 999 4066 Debentporro
1009 3996 1062 4068 ipsi
1072 3996 1103 4048 in
1115 3943 1282 4064 lielenopoli
1294 3991 1366 4043 muli

272 4066 364 4134 parati
373 4065 463 4122 teneri
472 4065 656 4120 etdromones
664 4081 714 4120 reu
722 4065 886 4136 liburnicae,
900 4076 941 4136 nt,
954 4069 1010 4126 sire
1017 4083 1069 4140 par
1080 4067 1268 4122 continentem
1281 4061 1367 4137 proti·
