3042 4825
293 1022 429 1107 amiae,
451 1038 523 1118 pro
542 1042 644 1093 more
668 1020 813 1121 ingenii
817 1052 832 1112 ,-
856 1042 998 1125 meque,
1034 1040 1109 1091 non
1133 1038 1213 1093 esse
1232 1018 1392 1118 provin-

293 1169 390 1239 oiam
406 1190 640 1271 numquam
659 1167 917 1260 autumabam,
935 1165 1105 1251 edocuit,
1117 1162 1390 1241 commendavit

292 1328 415 1385 autem
438 1312 492 1388 ad
511 1314 743 1415 perficienda
767 1338 878 1420 quae·
895 1337 1083 1422 cuperem,
1117 1311 1392 1409 SAuououtf

290 1480 399 1530 nau.
463 1458 541 1562 Qui
580 1460 744 1537 laborem
782 1460 886 1537 baud
930 1476 1148 1535 cunctanter
1178 1476 1390 1559 susceptum

290 1631 401 1709 quam
430 1606 576 1694 sedulo,
610 1636 722 1714 quam
753 1625 928 1684 accurate
957 1625 1137 1685 executus
1168 1613 1242 1692 sit,
1277 1632 1391 1710 quum

288 1767 440 1830 'strenue
463 1760 589 1833 enisus
620 1773 681 1843 ut,
725 1750 885 1834 sublatis
915 1757 1059 1848 mendis
1087 1756 1263 1858 plurimis
1292 1780 1389 1859 quae

277 1903 488 2005 festinanti
509 1901 663 1981 Reisltio
681 1904 953 1996 adhaeserant,
976 1906 1142 1981 limatius
1159 1910 1242 2006 ipso
1257 1906 1388 1981 arebe-

286 2054 378 2151 tjpo
409 2049 583 2151 prodiret
618 2049 722 2155 quod
752 2051 849 2127 mibi
879 2050 1119 2151 comparabat
1159 2054 1389 2153 exemplar,

285 2208 379 2299 ‘quot
411 2194 635 2274 eruditionis
670 2202 711 2301 in
745 2202 924 2274 universo
958 2204 1110 2300 negotio
1134 2196 1302 2273 ediderit
1321 2198 1388 2272 do-

289 2360 474 2436 cumenta,
499 2344 654 2446 longum
665 2344 782 2448 foret
804 2369 983 2422 enarrare
989 2380 1004 2439 ,-
1029 2346 1142 2423 silere
1164 2347 1215 2425 de
1238 2351 1386 2424 iuvenis

286 2495 439 2593 'egregii
463 2497 624 2579 meritis,
648 2493 770 2596 nefas.
819 2490 1017 2570 Reisltiani
1029 2493 1121 2569 libri
1144 2522 1251 2572 usum
1264 2495 1386 2572 liber-

288 2643 442 2726 rimum,
468 2657 510 2714 ut
535 2644 569 2714 is
592 2656 669 2716 tam
692 2657 868 2718 accurate
889 2658 1016 2743 posset
1038 2643 1256 2737 transcribi,
1294 2671 1387 2722 aon·

285 2791 400 2864 'cessit
419 2785 480 2863 W
482 2809 605 2864 anun
618 2809 826 2874 varrus,
855 2786 908 2864 V.
930 2789 995 2864 aL:
1019 2793 1083 2864 eui
1097 2797 1263 2872 rationes
1283 2819 1386 2870 meos

200 2932 205 2940 '
283 2936 425 3038 'dignas
448 2932 578 3010 uideri
601 2957 696 3039 quus
719 2932 893 3022 adiuuet,
919 2952 956 3012 et
979 2935 1119 3026 laetor,
1154 2955 1192 3015 et
1212 2942 1383 3039 inprimis

285 3085 381 3159 milri
396 3082 644 3182 bonorifioum
667 3102 749 3155 esse
772 3078 890 3173 duoo,·
914 3104 1071 3184 eurnque
1088 3105 1202 3182 rogo,
1228 3100 1270 3158 ut
1291 3111 1382 3186 gra-

282 3235 360 3308 tias
382 3255 494 3335 quam
525 3225 775 3329 amplissimas
805 3221 882 3299 sibi
910 3230 981 3326 agi
1011 3228 1133 3321 sinat,-
1168 3253 1298 3336 meque
1331 3232 1381 3309 de

282 3381 354 3458 tali
393 3343 627 3454 moderatore
665 3373 916 3476 gratulantem
962 3370 1226 3469 bibliothecae,
1266 3405 1380 3484 quam

283 3545 411 3605 vetere
449 3547 577 3600 amore
615 3524 840 3624 amplector,
884 3526 1015 3627 aequis
1045 3523 1201 3601 auribus
1235 3527 1379 3603 audiat.

281 3673 374 3750 ‘Vos
408 3689 557 3759 autem,
591 3674 673 3746 uiri
701 3670 921 3758 clarissimi,
957 3671 1102 3757 valete,
1120 3674 1378 3781 favoremque

281 3833 358 3926 qim
383 3845 439 3896 me
462 3825 643 3908 amastis,
667 3836 820 3898 seruate
842 3821 938 3896 milii
946 3839 1175 3924 perpetuum
