3042 4825
290 161 378 268 fila
508 189 783 260 cousrrunur
811 199 1180 269 romumoonoss

142 343 422 432 λλιπθλλτρίκιοι·
439 348 497 412 καί
523 351 695 434 στρατηγοί
721 343 792 430 ἅμα
822 352 863 438 τῇ
892 349 1053 443 συγκλήτῳ
1082 355 1267 422 πιπτουοιν.
1307 357 1391 422 also·

291 443 434 513 στάντων
455 448 490 510 δὲ
510 449 634 530 αὐτῶν,
655 451 813 531 λαμβάνει
832 453 935 531 νεῦμα
956 448 974 514 ὁ
994 453 1201 535 πραιπόσιτος
1220 455 1310 542 παρά
1329 461 1390 524 τοῦ

289 548 456 630 βασιλέως,
481 550 536 612 καί
556 547 652 627 αὐτὸς
673 548 789 615 δίδωσι
806 547 861 614 τὸν
880 553 938 634 τῆς
955 550 1189 636 καταστάσεως,
1219 555 1275 619 καί
1303 559 1389 637 λέγει

289 643 508 730 ,,κελιάσατε.”
551 644 792 733 δηριγευόμενος
823 651 860 714 δὲ
891 648 1081 734 δβασιλιάς
1101 652 1152 716 ὑπ’
1174 649 1282 718 αὐτῶν
1299 656 1389 739 διέρ-

287 769 383 831 χεται
404 749 464 822 ἓως
482 748 615 830 πλησίον
634 749 692 812 'sori
712 747 831 814 κιονίου
846 753 907 815 τοῦ
927 754 1074 836 κειμένου
1094 754 1269 839 ἐγκαρσίαις
1287 757 1322 820 ἐν
1341 756 1410 842 τρῖς

212 921 214 930 y
287 841 479 930 πληρώματι
496 850 553 912 τοῦ
574 844 709 928 ἐμβόλου
716 897 727 928 ,
760 846 817 912 καί
835 852 964 933 δέχεται
983 853 1085 916 ἐκεῖσε
1109 849 1167 918 τάν
1187 850 1389 938 πατριάρχην

288 943 374 1028 μετά
394 948 451 1010 καί
468 948 523 1030 τῆς
543 948 641 1030 λιτῆς.
682 943 790 1029 λαβάν
812 951 849 1013 tt
871 950 968 1036 κηρία
987 948 1077 1036 παρά
1099 954 1157 1016 τοῦ
1176 954 1387 1035 πραιποσίτσυ

289 1041 348 1108 καὶ
365 1043 545 1125 εὐξάμενος,
567 1043 753 1112 inmaturo
773 1041 858 1113 αὐτοὶ
879 1047 978 1115 πάλιν
998 1051 1042 1139 τῷ
1059 1049 1268 1139 πραιποσίτιρ,
1288 1073 1390 1136 προσ-

288 1139 429 1229 κυνήσας
447 1146 483 1209 δὲ
504 1142 544 1209 ιδ
562 1135 721 1230 άχραυτον
740 1140 924 1231 εὐαγγέλιον
952 1151 1010 1214 καί
1034 1148 1091 1215 τὸν
1111 1147 1266 1229 ζωοποιόν
1285 1174 1389 1216 σταυ-

260 1241 361 1329 Βράν,
382 1245 616 1328 προσκυνοῦσιν
637 1240 819 1332 ἀμφότεροι
840 1243 1013 1331 α’λλὴλους,
1035 1243 1104 1331 ὄζει
1125 1246 1279 1330 βασιλεάς
1296 1250 1352 1312 καί
1368 1243 1434 1323 610

214 1349 217 1355 ’
287 1339 494 1430 πατριάρχης
500 1392 511 1424 ,
542 1343 598 1408 καί
625 1343 864 1427 ἀσπασάμενοι,
900 1343 1057 1430 λαμβάνει
1079 1347 1098 1410 o‘
1121 1345 1274 1429 βασιλευς
1297 1346 1389 1431 παρά

287 1444 347 1507 τοῦ
366 1441 580 1523 πραιποσίτου
606 1446 715 1528 κηρίον
738 1443 926 1524 λιτανίκιον,
944 1444 1003 1509 καί
1033 1445 1241 1530 ὑποστρέψας
1263 1448 1391 1530 διέρχε-

288 1564 342 1608 ιαι
362 1538 418 1606 διά
439 1543 497 1605 τοῦ
520 1540 622 1606 αὐτοῦ
642 1541 791 1625 ἐμβόλου.
832 1535 968 1629 ἄρχεται
992 1547 1027 1610 δὲ
1051 1543 1068 1610 ὅ
1090 1549 1147 1629 τῆς
1166 1542 1390 1618 καταστάσεως

289 1636 476 1727 τροπάριον·
501 1642 558 1723 ,ἐν
581 1644 622 1728 τῇ
641 1638 786 1726 γεννήσει
808 1639 866 1724 τὴν
887 1647 1066 1727 παρθενίαν
1087 1640 1277 1730 ἕφάλαξας.”
1304 1639 1391 1725 ψάλ-

288 1746 395 1816 λοντες
427 1741 463 1806 δὲ
489 1738 525 1804 τὸ
560 1735 639 1805 αὐτὸ
664 1736 839 1826 τροπάριον
861 1737 892 1805 οἱ
915 1744 973 1827 τῆς
999 1740 1214 1830 προελεύσεως
1243 1738 1405 1821 ἅπαντες,
1412 1761 1433 1823 5

289 1839 488 1926 εἰσέρχονται
507 1840 542 1904 ἐν
569 1842 614 1928 τῷ
634 1838 771 1926 νάρθηκι
791 1843 849 1904 τοῦ
868 1843 1007 1927 μεγάλου
1035 1843 1126 1906 saofi.
1168 1839 1210 1907 τά
1233 1844 1270 1907 δὲ
1291 1841 1386 1906 λοιπά

288 1938 393 2007 πάντα
411 1943 468 2024 τῆς
486 1940 603 2018 τάξεως
626 1940 842 2029 φυλάττονται
863 1943 898 2006 ἐν
916 1943 956 2029 τῇ
976 1935 1057 2031 οὔτῇ
1076 1937 1181 2030 ἑορτῇ,
1203 1939 1313 2016 καθώς
1333 1942 1393 2006 καί

291 2040 541 2130 τῇὖπαπαντῇ.
582 2042 701 2122 ἰστέον,
735 2035 784 2105 ὅτι
812 2039 1020 2127 ὅλογοθίτης
1050 2044 1110 2106 rosi
1139 2040 1262 2124 δρόμου
1294 2039 1390 2117 καὶὸ

241 2134 432 2234 ι(ζ’ῥαίιιιοορ
465 2140 521 2204 καί
546 2136 564 2204 ὅ
593 2137 879 2226 πρωτοασηκρητης
906 2139 964 2204 καὶ
992 2138 1012 2204 o‘
1038 2137 1192 2221 μυστικὸς
1218 2139 1299 2220 μετά
1325 2143 1387 2206 τῶν

289 2239 592 2325 χρυσοτρικλιυιτῶν
612 2239 912 2327 πρωτοσπαθαράον
932 2238 1080 2304 ἵστανται
1099 2241 1135 2305 ἐν
1154 2240 1200 2328 τῷ
1217 2237 1429 2326 ’Impia-20

291 2363 336 2432 κιρ
357 2360 503 2427 πορτηκι.

294 2564 445 2620 catamare.
472 2562 541 2615 lnule
558 2559 687 2633 procedit
703 2563 856 2631 Imperator
873 2558 908 2611 ab
927 2559 1024 2613 iisdem
1041 2561 1159 2630 stipatos
1176 2576 1264 2631 usque
1285 2576 1387 2629 prope·

291 2634 406 2689 modum
424 2633 460 2686 ad
479 2634 633 2685 columnam
652 2633 827 2687 transversim
846 2631 964 2699 positam
991 2632 1021 2683 iu
1045 2632 1101 2683 iiue
1128 2632 1265 2699 porticus,
1290 2632 1387 2700 ibique

293 2708 400 2775 excipit
417 2702 599 2775 patriarcham
619 2720 680 2755 cum
697 2703 747 2753 lite
769 2716 817 2752 seu
839 2702 920 2753 turba
938 2698 1153 2769 supplicantium
1172 2718 1234 2752 eum
1252 2703 1388 2753 comitan-

292 2785 337 2843 te;
356 2778 509 2846 auratisque
527 2774 613 2826 cereis
640 2790 655 2824 a
681 2772 838 2843 praeposito
857 2772 999 2841 porrectis,
1028 2770 1095 2822 sacit
1118 2788 1225 2840 preces,
1253 2772 1388 2842 factisque

294 2863 386 2899 rursus
406 2862 452 2897 eos
472 2847 627 2914 praeposito
647 2842 753 2911 reddit3
773 2842 893 2894 adoratis
916 2840 1047 2910 deinceps
1072 2841 1246 2893 immaculato
1271 2858 1387 2911 evange·

293 2916 333 2969 lio
352 2924 381 2968 et
397 2917 504 2967 vivifica
522 2932 600 2967 cruce
609 2952 618 2977 ,
647 2915 764 2966 adorant
781 2913 860 2966 ambo
880 2929 940 2965 sese
957 2913 1090 2974 invicem,
1115 2914 1265 2981 Imperator
1282 2913 1389 2965 scilicet

294 2995 325 3040 et
342 2984 503 3057 patriarcha,
522 2987 650 3057 pacisque
670 2983 796 3037 osculum
820 2984 893 3036 inter
916 3000 946 3035 se
970 2991 1151 3046 commutant,
1174 2991 1203 3035 et
1229 2990 1287 3034 tum
1314 2983 1388 3035 acci-

293 3057 374 3129 piens
394 3073 410 3108 ι
432 3073 498 3127 prae
520 3060 590 3108 osito
617 3072 724 3108 cereum
749 3055 980 3125 processionalem
1008 3054 1157 3122 imperator
1181 3054 1250 3121 legit
1274 3054 1388 3123 vestigia

294 3144 410 3198 suaper
436 3073 553 3182 eaullsm
576 3129 735 3197 porticum3
764 3126 970 3177 cerimoniarius
996 3132 1089 3177 autom
1119 3122 1154 3175 ad
1180 3122 1248 3175 lraec
1280 3125 1389 3177 intonat

294 3198 463 3267 tropariumr
482 3199 517 3250 In
530 3210 576 3252 tuo
594 3210 681 3267 partu
698 3197 875 3249 conservarsi
891 3194 1093 3265 virginitatem.
1131 3194 1242 3255 Omnes,
1259 3196 1310 3264 qui
1328 3210 1391 3261 pro·

295 3269 414 3323 cessioni
433 3267 499 3321 lruic
521 3268 672 3329 intersunt,
696 3266 769 3319 idem
789 3268 940 3337 troparium
959 3274 1087 3318 canentes
1106 3265 1211 3318 intrant
1229 3267 1258 3316 in
1277 3263 1389 3317 narthe-

295 3356 356 3393 cenr
373 3340 463 3409 magni
482 3338 578 3408 templi
599 3334 843 3459 [blachernarumk
873 3337 983 3407 Reliqui
1001 3338 1071 3389 ritus
1089 3345 1180 3387 autem
1199 3352 1232 3388 eo
1251 3334 1298 3388 slie
1319 3336 1389 3386 festo

295 3410 459 3463 observandi
481 3418 545 3463 sant
570 3410 673 3462 similes
697 3410 797 3462 ritibus
844 3414 997 3477 ypapantae
1024 3421 1072 3459 sea
1098 3407 1163 3459 festi
1189 3406 1390 3475 purificationis

236 3496 239 3505 ’
294 3482 326 3535 Β.
344 3478 376 3533 V.
412 3479 508 3535 Adhuc
528 3478 740 3543 intonandum,
771 3479 938 3549 logothetam
966 3476 1054 3530 dromi
1081 3487 1110 3529 et
1128 3486 1259 3529 rectorem
1278 3485 1307 3528 et
1323 3493 1390 3545 pro·

294 3552 712 3693 pqaqeoqrtqqqmloqahsirrcqstsipprrp·
741 3566 796 3604 una
826 3566 889 3604 com
921 3546 1150 3621 protospathariis
1177 3546 1390 3617 chrysotriclinii
