3042 4825
243 147 333 266 476
458 179 660 284 uranon
690 179 747 242 aa
777 181 935 246 nnann
964 182 1150 257 rnrnnss,

244 353 316 415 χειν
340 326 357 394 ὃ
379 331 443 397 τοῖν
464 329 648 410 α’πτιμὰτισν
666 334 853 414 δομὲστικος
878 325 1072 416 inruptum,
1103 333 1138 397 sir
1161 342 1357 419 καταγραφῇ

245 431 435 513 ποιούμενος
454 429 548 514 τό,τσ
580 454 680 512 ονομα
701 435 758 498 καί
776 430 812 498 τὸ
829 435 959 517 χωρίον·
981 430 1037 497 καί
1054 432 1160 513 εἰμὲν
1180 425 1353 516 ἆτιδλιγται,

246 531 415 612 ζημιοῦται
442 527 523 596 urici
552 531 570 594 ri
599 526 792 612 intrudere·
835 531 867 596 εἰ
883 532 933 596 «tt
962 526 1130 618 οἷτιοθιλνῃ,
1161 531 1352 613 (inexorata

244 625 302 704 τοὶς
323 629 504 713 σφραγι’δας
524 626 570 706 εἴς
589 654 622 694 τε
644 627 699 696 τὸν
717 625 841 714 κόμητα
864 633 921 696 κατ’
939 628 996 696 τὸν
1014 629 1262 716 χαρτουλὰριον.
1283 655 1369 693 ιτα·-

244 731 334 813 regu
355 729 391 795 δὲ
413 725 469 792 καὶ
488 723 504 791 o‘
524 727 621 814 κόμης
649 731 709 794 τοῦ
730 731 870 812 στιίβλοο
899 732 945 808 εἰς
975 727 1033 806 τοὶς
1060 729 1238 816 φορτώσεις
1264 724 1374 794 rarii

244 830 323 894 δέκα
342 827 509 914 σαγμάρια
530 825 707 916 σύντροφον
727 831 791 894 τῶν
813 831 1030 914 Μαλαγίνων,
1051 831 1105 896 ἵνα
1127 823 1352 912 destruitur

245 926 370 1012 σύρουσι
390 923 430 991 τὰ
451 929 626 1014 σαγμάρια,
648 926 705 994 καὶ
724 925 754 993 oi
775 926 953 1017 σύντροφοι
967 929 1199 994 ἀκολουθοῦσιν
1221 921 1353 1011 αὖτοὺς,

99 1027 305 1109 Euburiates*
323 1027 531 1112 διορθοῦνται
550 1024 591 1090 τὰ
615 1023 775 1114 γομάρια.
816 1028 873 1092 καί
904 1023 956 1092 ὅτε
986 1027 1275 1114 αἰτοφορτώσοοσιν
1302 1025 1352 1098 εἰς

47 1117 50 1129 ’
245 1121 283 1190 τὸ
304 1116 463 1208 ἄπληκτον
481 1123 521 1192 τὰ
543 1125 728 1212 σαγμάρια,
759 1123 981 1210 ἀναλαμβάνει
1007 1129 1112 1191 ταῦτα
1132 1124 1150 1190 ὁ
1169 1119 1351 1208 χαρτοολοὶ-

249 1247 317 1310 ριος
336 1224 400 1290 ruis
419 1227 620 1308 Μαλαγίνοιν
639 1222 696 1290 καὶ
722 1223 741 1288 δ
763 1225 1045 1311 σαφραμεντάριος
1063 1221 1143 1306 μετὰ
1165 1225 1232 1286 τῶν
1251 1217 1401 1304 souti-10

119 1351 168 1404 pp,
181 1369 218 1406 Η,
229 1347 315 1402 ,τιον
336 1322 393 1388 καὶ
410 1324 474 1389 τῶν
492 1323 682 1411 συντρόφων
703 1323 760 1390 καὶ
774 1328 841 1390 τῶν
858 1320 1048 1407 ὄατιμσλτοον,
1069 1319 1351 1404 satisdationes»

250 1425 296 1500 εἰς
316 1420 374 1508 τὴν
393 1421 530 1507 donaria·
572 1422 691 1506 ὁμοίως
718 1427 775 1488 καὶ
803 1427 849 1500 εἰς
877 1421 918 1488 τὰ
947 1425 1110 1508 τιαρύινιια
1128 1423 1195 1485 τῶν
1226 1415 1350 1506 φορτολ-

250 1545 332 1588 σεων
351 1519 433 1586 κατὰ
455 1517 481 1586 κ’
502 1520 664 1608 nuntientur
685 1521 865 1608 σύντροφος
886 1516 941 1596 οἷς.
962 1520 1020 1585 καὶ
1038 1514 1090 1585 ὅτε
1112 1516 1209 1584 δώσει
1228 1515 1263 1583 sd
1275 1515 1352 1600 βού-

164 1637 167 1646 ·
250 1639 348 1703 κινον,
380 1617 477 1688 πάλιν
498 1622 653 1708 φέρουσιν
674 1617 772 1703 αὕτα,
806 1618 863 1685 καλ
880 1615 1107 1707 ιιαραδιδόασι,
1129 1613 1238 1693 καθώς
1258 1616 1353 1696 ἐκομ-

207 1719 455 1819 ,anvsitqoon
482 1717 540 1806 τὴν
562 1721 598 1784 δὲ
618 1717 736 1806 κριθὴν
757 1714 843 1805 ὅλην,
863 1721 929 1784 τῶν
948 1742 981 1786 τε
1001 1715 1189 1805 σαγμαρίων
1208 1719 1266 1782 καὶ
1287 1721 1396 1785 ιτα-15
1426 1714 1430 1718 ’

248 1818 387 1906 ρισιιίοον
408 1822 464 1883 καί
482 1820 674 1904 σελλαρίων,
694 1821 729 1884 ἐν
750 1813 798 1893 οἷς
817 1816 1113 1904 ἐκομαινειλθησαν,
1134 1811 1351 1901 παραλαμβά-

248 1943 296 1986 νει
317 1917 336 1984 ri
355 1916 593 2005 χαρτούλάριος
612 1921 672 1982 τοῦ
692 1917 833 2002 στόβλοο
863 1914 932 2001 ἅμα
962 1921 1007 2006 τῷ
1032 1918 1187 2003 κελλαρίφ
1208 1912 1267 2001 τὴν
1286 1938 1352 1998 κρι-

249 2016 323 2102 θὴν,
344 2009 416 2102 ἤτοι
436 2015 495 2093 τὰς
514 2013 611 2100 ταγὰς
631 2011 741 2082 airus
762 2017 878 2104 ἕκτοῦ
897 2018 1157 2105 πρωτοκαταρίοο
1176 2017 1234 2083 τοῦ
1246 2011 1351 2095 θέμα-

250 2138 321 2197 τος,
349 2114 406 2181 καί
427 2117 619 2202 χορηγοῦσιν
639 2110 773 2182 ἕκαστον
795 2113 915 2201 ἆλόγοα
943 2113 1052 2202 ταγὴν.
1094 2114 1172 2181 ὅδὲ
1191 2134 1353 2200 apostoru-

250 2333 298 2372 cus
311 2319 476 2388 optimatum
493 2318 577 2374 debet
592 2337 737 2373 numerum
760 2323 916 2373 mulionum
929 2336 963 2374 ex
981 2319 1163 2404 optimatibus
1176 2323 1349 2372 constantem

249 2397 390 2460 praestare
404 2391 544 2462 sagmariis
557 2408 651 2462 parem
677 2400 706 2444 ct
732 2391 854 2443 indicem
876 2392 982 2455 lacere,
1001 2407 1031 2442 m
1048 2407 1104 2462 quo
1118 2389 1254 2459 scriptum
1270 2390 1308 2441 sit
1320 2395 1350 2441 et

250 2478 352 2513 nornen
370 2462 588 2533 uniuscuiusque
605 2465 763 2533 optimatis,
791 2472 820 2515 et
835 2462 962 2533 praedii,
980 2462 1057 2532 quod
1074 2478 1109 2513 ex
1122 2462 1299 2513 concessione
1320 2466 1351 2512 et

248 2530 435 2601 assignatione
458 2534 532 2601 regia
549 2533 681 2602 possidet.
725 2534 802 2587 Etsi
822 2533 936 2605 quidem
958 2534 1069 2584 amittat
1084 2533 1248 2600 sagmarium
1271 2546 1352 2581 suum

251 2602 388 2670 optimas,
411 2603 468 2655 sivc
494 2602 524 2653 id
544 2603 715 2655 aberraverit
735 2620 750 2653 n
770 2606 831 2665 via,
861 2603 919 2657 sive
932 2603 1097 2672 auffugerit,
1116 2605 1173 2657 sive
1192 2609 1300 2670 raptum
1315 2600 1352 2651 au

250 2672 331 2726 hoste
349 2674 450 2737 luerit,
472 2672 528 2725 luit
557 2676 616 2743 ipse
646 2676 750 2725 iactura
768 2672 849 2726 inudi
873 2679 930 2737 sui,
956 2673 1057 2744 quodsi
1079 2689 1144 2725 vero
1171 2672 1353 2742 exspiraverit

251 2742 357 2808 hostia,
377 2743 491 2797 exhibet
506 2744 600 2797 comiti
618 2753 646 2795 et
658 2744 843 2806 chartulario,
867 2743 972 2795 stabuli
990 2760 1109 2813 nempe,
1129 2751 1245 2795 tesseras
1263 2744 1354 2811 regias

251 2814 320 2865 olim
343 2813 415 2879 sibi,
468 2832 533 2867 uuru
557 2814 647 2874 bestia
672 2832 738 2867 suae
763 2813 948 2879 sollicitudini
980 2815 1208 2879 committeretur,
1234 2812 1352 2865 additas.

252 2884 351 2937 Comes
377 2832 481 2936 stabdii
507 2902 620 2957 qnoque
645 2902 697 2955 pro
723 2885 841 2953 singulis
866 2883 985 2937 decuriis
1015 2886 1211 2955 sagmariornns
1229 2891 1352 2955 praestat

250 2954 374 3025 singulos
394 2954 557 3023 syntrophos
576 2973 630 3009 scu,
650 2956 863 3008 contubernales
897 2964 945 3008 aut
978 2958 1092 3007 comites
1112 2956 1237 3019 itineris,
1256 2971 1271 3005 e
1291 2963 1352 3007 sta-

251 3024 331 3077 tione
352 3032 381 3076 et
393 3025 510 3077 stabulis
525 3026 607 3095 regiis
628 3026 702 3096 apud
714 3025 1020 3095 Maluginadcpromtos
1038 3043 1071 3077 eo
1090 3028 1163 3090 line,
1182 3034 1214 3078 ut
1234 3025 1353 3095 optima-

251 3102 294 3146 tes
311 3094 424 3166 quidem
441 3095 637 3165 praecedentes
655 3098 715 3152 loro
728 3113 802 3168 pone
813 3114 842 3149 se
861 3098 974 3149 trahant
985 3098 1128 3164 sagmaria,
1146 3097 1291 3165 syntrophi
1302 3112 1354 3147 au—

251 3172 309 3217 tem
334 3182 407 3235 pone
432 3164 633 3238 subsequentes
658 3184 691 3220 ea
713 3185 804 3221 eoram
829 3170 971 3239 sdafflnt,
994 3184 1136 3239 oneraque
1158 3176 1207 3219 aut
1230 3166 1354 3237 delapsa,

252 3243 302 3287 aut
319 3237 427 3288 ruinam
448 3236 583 3290 minantia
600 3256 695 3291 rursus
716 3240 851 3303 allevent,
878 3256 1015 3311 suumque
1041 3238 1176 3291 inlocum
1193 3245 1220 3291 et
1245 3238 1276 3288 in
1305 3252 1352 3289 ae·

252 3306 418 3379 quilibriunr
436 3318 579 3377 reponant.
598 3311 629 3363 ld
643 3310 717 3363 idern
737 3326 848 3381 quoque
867 3312 897 3362 iu
912 3308 1068 3380 parhippiis
1086 3311 1220 3363 onerariis
1233 3307 1354 3369 obtinet,

254 3394 373 3499 puerum
392 3380 508 3447 singulis
520 3380 665 3433 vicenariis
680 3380 782 3465 singuli
809 3380 1023 3435 contubernales
1048 3380 1157 3433 adsunt.
1194 3378 1302 3443 Molos,
1321 3385 1353 3429 ut

267 3466 285 3499 n
298 3451 446 3501 stationem
459 3452 643 3518 appulerunt,
670 3452 785 3505 sarcinis
805 3449 940 3505 liberatos
965 3450 1039 3505 tradi
1056 3461 1085 3505 et
1102 3450 1278 3503 arinumerari
1296 3446 1353 3500 sibi

253 3527 333 3575 curat
348 3520 529 3573 chartularius
544 3521 761 3592 Maluginorurn3
781 3520 1007 3585 cassamentarius
1028 3531 1121 3575 autem
1140 3522 1310 3591 comitesque
1324 3526 1354 3569 et

254 3588 399 3661 syntrophi
415 3599 444 3643 ct
461 3593 607 3661 optimates
623 3600 726 3645 escunt
744 3611 806 3645 curn
829 3594 927 3647 hestiis
942 3597 974 3647 in
988 3610 1126 3664 pascuum.
1164 3590 1285 3663 Quande
1301 3606 1353 3641 au-

253 3667 310 3711 tem
336 3659 453 3715 buccina
487 3662 594 3733 siguum
615 3662 738 3733 receptui
761 3663 884 3729 dederit,
908 3664 1046 3718 reducunt
1069 3664 1199 3716 animalia
1223 3678 1272 3713 sua
1305 3676 1353 3712 co·

254 3748 368 3801 rumque
387 3731 523 3786 exhibent
541 3734 613 3798 illis,
636 3751 653 3785 a
674 3732 777 3805 quibus
805 3744 988 3806 acceperant,
1010 3752 1043 3787 eo
1061 3735 1160 3797 modo,
1178 3751 1234 3803 quo
1247 3730 1354 3785 combi-

253 3803 312 3854 nati
332 3806 456 3865 fuerant,
474 3804 504 3857 id
523 3813 565 3857 est
581 3805 684 3857 bestias
703 3804 786 3857 simul
805 3815 889 3877 atquc
909 3814 1025 3858 tesseras
1045 3812 1214 3875 acceperant
1251 3802 1352 3872 Quan-

253 3880 313 3927 tum
339 3877 393 3927 ium
420 3875 456 3928 ad
478 3883 567 3929 totum
591 3874 727 3929 hordeum
751 3877 870 3941 attinet,
899 3878 929 3929 id
950 3886 993 3931 cst
1010 3886 1066 3930 tarn
1084 3876 1281 3945 sagmariorum
1301 3890 1350 3925 seu

253 3944 406 4011 surdorum,
436 3964 519 4017 quana
541 3946 766 4017 parhippioruru,
785 3951 827 4000 nti
847 3956 876 4000 et
893 3948 1068 4002 sellariorum
1087 3963 1240 4020 equorum,
1260 3942 1352 4005 illud,

253 4012 306 4069 hoc
325 4026 366 4069 est
383 4026 486 4071 statuta
506 4036 598 4072 eorum
614 4019 644 4073 iu
662 4016 768 4072 hordeo
786 4017 891 4083 diaria,
916 4018 1151 4087 arripiuntsimul
1168 4026 1197 4069 et
1214 4014 1301 4067 semel
1321 4014 1351 4064 in

254 4104 307 4141 una
326 4086 473 4145 nassutti
492 4090 631 4155 locorum,
651 4088 700 4144 uhi
720 4088 913 4147 combinantur
933 4090 1049 4155 bestiae,
1069 4088 1113 4161 [id
1132 4088 1216 4143 estin
1234 4085 1354 4157 siugulis
