3042 4825
287 134 370 247 748
485 161 756 228 causalium
796 164 1166 230 ronaniuoemrrr

252 307 412 395 Βαδτοδς,
434 313 545 392 καθώς
563 319 619 382 καί
637 315 711 394 τοδς
731 317 925 403 πατρικιλιος,
945 317 1025 400 μετὰ
1046 320 1112 385 τῶν
1130 319 1254 385 οἰκείων
1273 319 1416 386 ads&

280 418 443 501 peimvtbsv
464 415 685 506 ἀπολελυμένῳ
704 422 749 506 τῷ
765 420 916 504 σχήματι,
940 415 1084 504 δηλονότι
1101 423 1411 506 προπορευομένην

279 514 390 589 ου’τοῖς
408 517 467 580 τοῦ
484 519 652 596 βασιλικοῦ
672 518 878 604 καστρησίου,
899 518 956 584 καί
974 515 1093 600 ὅμοίως
1111 516 1260 594 ἱστῶντος
1275 515 1409 605 κύκλῳ

278 615 335 697 τῆς
345 614 511 702 βασιλικῆς
528 617 687 701 τραπέζης
699 618 744 692 είς
761 613 799 682 τὸ
811 618 1094 702 προσκαλέσασθαι
1108 619 1343 702 πλησιίοτερον
1358 617 1409 694 ἔξ

279 707 386 779 αὐτῶν
402 711 458 790 οδς
477 709 517 780 δν
538 713 613 803 δόξη
634 719 679 806 τῷ
698 722 836 799 βασιλεῖ.
868 719 903 783 ἐν
923 720 960 782 δὲ
979 727 1045 793 τοϊς
1064 723 1184 794 λοιποῖς
1203 714 1431 799 οἷκουβίτοις5

278 815 334 878 δεῖ
341 814 426 895 ’ὑμᾶς
440 821 548 881 καλεῖν
559 813 678 893 τοδςίκ
695 817 863 904 διαφόρων
869 817 1405 905 μονοστηριλανοῖναγραφομίνονς

278 915 422 998 δβιλδας,
445 905 542 1000 ἤγουν
557 915 635 994 τούς
654 915 696 982 τοὶ
718 920 896 1004 σφραγίδια
912 922 991 1005 παρ’
1006 917 1100 1004 ἡμῶν
1119 917 1312 1004 εἰληφότος,
1335 915 1404 981 τὸν

278 1003 421 1100 ἇριθμδν
434 1013 644 1099 σις’·είσάγειν
664 1019 700 1084 δὲ
722 1015 780 1082 καί
797 1011 916 1096 nicosie
936 1015 1100 1102 οτιχηδὸν,
1119 1014 1230 1092 andeis
1243 1014 1302 1080 καί
1319 1024 1401 1091 τοῖς
1506 1072 1507 1075 ,

277 1117 409 1195 λοιποῖς,
429 1115 666 1200 ἠμφιεσμένους
684 1113 741 1191 τοὶς
761 1119 880 1192 οἰκείας
898 1114 1014 1193 στολὰς
1034 1116 1079 1192 οἷς
1098 1115 1180 1203 πρὸς
1198 1117 1401 1200 συνήθειαν·
1506 1106 1508 1174 ἱ

251 1204 457 1277 calvarium
484 1215 522 1279 δὲ
543 1211 664 1291 αδτοδς
684 1215 739 1301 ἐφ’
759 1210 892 1301 ἑκάστης
912 1218 1072 1301 τραπέζης
1101 1211 1268 1280 δωδεκάδα
1286 1209 1440 1296 usian-16

275 1306 356 1392 μετὰ
377 1312 415 1377 δὲ
432 1308 490 1398 τήν
510 1313 633 1378 τούτων
652 1311 828 1399 ἀνάκλησιν
848 1313 906 1380 καί
923 1311 1064 1381 ἑστίασιν
1086 1318 1141 1380 δεῖ
1156 1313 1242 1396 ὑμᾶς
1261 1315 1390 1395 προοί-

273 1431 346 1492 χειν
366 1407 422 1474 adv
441 1413 502 1474 τοῦ
522 1411 713 1494 δπτομινοοο
734 1417 861 1497 μίνοον,
881 1415 939 1478 καί
957 1412 1111 1502 ἐντούτῳ
1130 1416 1174 1501 τῷ
1189 1415 1291 1496 καιρῷ
1312 1411 1389 1476 εἷσ-

274 1504 364 1592 tysis
381 1507 463 1594 πρὸς
482 1512 686 1596 χειρονομίαν
704 1516 767 1577 τοῖν
796 1507 1011 1594 ἀνακειμένων
1029 1514 1087 1575 καί
1109 1510 1299 1592 ψαλλόντων
1318 1533 1389 1573 πα-

273 1609 376 1693 τέρων
401 1606 477 1685 τούς
509 1606 568 1675 δύο
599 1612 759 1694 μεγάλους
794 1614 853 1697 τῆς
884 1614 1051 1696 ἐκκλησίας
1084 1610 1290 1689 δομεοτύιους
1326 1605 1389 1670 καί

273 1705 364 1797 impis
386 1705 506 1784 αδτοδς
525 1706 617 1775 ἔνδον
637 1709 784 1776 κάκεῖθεν
803 1713 862 1775 τοῦ
881 1712 1089 1796 περιβλέπτοο
1118 1708 1278 1793 τρικλίνου
1299 1702 1427 1792 πρόςις

271 1805 308 1871 τὸ
331 1811 514 1889 ποιεῖσθαι,
545 1806 590 1884 οὖς
610 1806 755 1895 εἴρηται,
782 1805 844 1893 την
861 1808 1069 1894 χειρονομιλιν
1090 1807 1147 1871 ἐπί
1163 1802 1222 1890 τήν
1241 1812 1384 1892 φαλμφ<

273 1907 347 1973 δίαν
374 1909 438 1972 τοῖν
472 1907 701 1990 ἀνακειμένων
715 1909 880 1994 πατέρων.
924 1909 1050 1973 δίδοται
1079 1899 1139 1970 adv
1168 1902 1252 1970 sard
1281 1903 1381 1971 τύπον

271 2002 360 2091 παρὰ
381 2007 441 2072 soii
461 2007 584 2072 εἰδικοῦ
604 2004 700 2090 λόγου
720 2015 787 2081 τοῖς
811 2008 873 2087 μὲν
894 1999 1114 2087 ἀνακειμένοις
1134 2003 1190 2068 ἕπτ’
1206 2005 1263 2088 τῆς
1283 2008 1381 2086 βασι-

271 2107 363 2190 λικῆς
387 2107 545 2190 τραπέζης
571 2103 614 2188 ιβ
641 2105 830 2188 ἡγουμένοις
857 2105 904 2181 εἷς
932 2104 1117 2189 φιλοτιμίαις
1141 2102 1287 2168 ἐπίδοσιν
1314 2095 1380 2166 tre

241 2205 477 2285 Βνομιομάτοιν
499 2206 527 2269 δ
529 2230 555 2280 ·,
577 2211 644 2278 τοῖς
670 2205 707 2268 δὲ
735 2210 859 2279 λοιποῖς
885 2199 1036 2286 μονάχοις
1067 2196 1188 2266 ἅπασιν
1207 2198 1270 2266 aiud
1289 2201 1421 2282 νομί-το

275 2325 397 2385 οματος
416 2299 487 2380 ἓνδς
506 2301 564 2368 καί
580 2299 701 2386 μόνου·
744 2311 812 2380 τοῖς
840 2304 877 2367 δδ
898 2299 956 2366 δύο
984 2301 1181 2383 δομεοτίκοις
1200 2298 1266 2366 daci
1287 2323 1379 2382 νομι-

273 2397 405 2483 σμάτων
425 2403 453 2487 β
475 2399 556 2468 κατὰ
577 2399 687 2474 τύπον,
730 2405 787 2469 δεῖ
800 2402 941 2482 εἰδέναι,
975 2393 1028 2464 δτι
1047 2401 1083 2467 δν
1111 2400 1195 2489 adegi
1213 2402 1252 2489 τῇ
1272 2399 1379 2491 ἡμέρη

274 2498 331 2568 καί
359 2498 390 2566 οἶ
410 2501 538 2589 πένητες
567 2504 602 2569 ἐν
630 2504 675 2592 argi
690 2504 924 2590 χροσοιστορίιγ
946 2501 1133 2583 ἐσθίουσιν,
1166 2498 1377 2585 λαμβάνοντες

274 2737 421 2793 admodum
442 2742 553 2811 patricii
572 2743 628 2795 suis
650 2745 682 2796 ia
704 2746 861 2798 mutatoriis
887 2740 1116 2804 introducuntur,
1142 2742 1183 2793 sie
1205 2746 1236 2793 et
1259 2738 1290 2791 bi
1316 2739 1373 2793 suis

245 2838 250 2853 κ
273 2812 304 2863 in
323 2809 463 2879 pheloniis
480 2814 543 2865 laxo
561 2814 661 2867 babitu
689 2813 805 2889 [absque
822 2813 930 2887 aonisl,
960 2812 1100 2883 imperiali
1125 2819 1264 2864 caunense
1288 2825 1372 2879 prae·

273 2882 434 2934 ambulante
453 2893 482 2939 et
499 2886 602 2953 pariter
620 2885 649 2937 iu
668 2886 762 2939 orbem
783 2888 854 2939 circa
874 2902 976 2939 sacram
989 2897 1111 2935 mensam
1126 2883 1294 2943 mlloeaute3
1316 2897 1372 2951 qno

272 2952 389 3023 propius
407 2954 560 3022 Imperator
585 2972 643 3019 eos,
662 2972 732 3026 quos
751 2957 880 3019 voluerit,
899 2956 1033 3008 advocare
1057 2954 1153 3023 possit.
1187 2951 1230 3005 ad
1250 2950 1371 3021 reliquos

215 3026 217 3033 '
271 3022 415 3075 accubitus
436 3040 532 3079 vocare
550 3033 661 3094 oportet
677 3028 791 3079 abbates
812 3026 854 3099 [id
875 3036 918 3080 est
934 3022 1095 3095 monachos]
1119 3023 1257 3074 variorum
1274 3037 1370 3073 mona·

272 3094 438 3155 steriorum,
457 3113 574 3156 quorum
593 3096 704 3149 numina
723 3100 752 3149 in
770 3098 871 3151 notitia
889 3106 983 3151 nostra
1002 3095 1140 3163 descripta
1156 3091 1310 3145 identidem
1326 3099 1371 3143 te·

272 3180 386 3227 nemus,
406 3164 471 3217 illos
489 3182 604 3235 nempe,
622 3168 672 3237 qui
691 3176 809 3221 tesseras
828 3185 845 3221 a
862 3169 945 3221 nobis
963 3175 1046 3219 antea
1064 3171 1245 3233 acceperunt,
1263 3162 1300 3214 ad
1317 3180 1369 3215 aa·

272 3250 379 3287 merum
399 3237 458 3288 216.
495 3236 710 3291 Introducuntur
726 3240 865 3302 seriatim,
888 3240 961 3291 sicut
976 3240 1008 3288 in
1024 3235 1124 3288 ceteris
1140 3234 1226 3286 maris
1245 3241 1300 3297 est,
1323 3234 1366 3284 in·

273 3305 334 3359 dati
353 3305 473 3376 propriis
496 3307 551 3358 suis
577 3317 606 3361 et
624 3310 762 3361 consuetis
786 3311 872 3363 stolis.
909 3307 1052 3361 amabitis
1072 3305 1188 3373 siugulis
1206 3302 1367 3357 adsternun-

272 3383 319 3429 tur
337 3376 404 3429 deni
422 3374 484 3429 bini
500 3379 562 3432 viri.
601 3378 651 3431 His
668 3380 765 3451 itaque
783 3379 858 3450 apud
878 3378 1005 3432 accubita
1024 3392 1074 3429 aua
1091 3375 1210 3437 satiatis,
1228 3374 1366 3428 attendere

277 3455 390 3517 oportet
408 3448 444 3500 ad
462 3450 611 3518 optominsi
639 3448 699 3523 [seu
718 3454 800 3503 assati
820 3450 929 3523 ferculi]
948 3451 1081 3511 missum,
1109 3455 1137 3499 et
1160 3453 1221 3497 tam
1238 3446 1364 3513 temporis

274 3518 358 3570 ambo
376 3534 492 3590 magnae
513 3520 644 3573 ecclesiae
663 3537 775 3593 magnos
792 3521 957 3574 domesticos
976 3519 1152 3574 introducere
1169 3514 1206 3568 ad
1222 3532 1366 3585 praemon-

271 3589 412 3642 strandum
430 3591 657 3644 accumbentibus
676 3600 705 3645 et
724 3591 907 3661 psallentibus
935 3590 1062 3660 patribus
1087 3588 1303 3641 cheironomiam
1319 3603 1364 3638 seu

272 3661 511 3731 gesticulationem
536 3663 692 3715 manualem
717 3662 880 3716 moderandi
902 3670 998 3714 cantas
1023 3662 1120 3732 gratia.
1156 3659 1193 3710 Et
1213 3658 1264 3711 bos
1282 3658 1364 3710 eolla·

273 3748 336 3784 aare
354 3739 464 3803 oportet
484 3751 569 3785 unum
586 3733 622 3787 ad
639 3733 780 3795 dextram,
808 3734 927 3787 alterum
947 3732 983 3784 ad
1007 3732 1146 3784 sinistram
1173 3728 1291 3780 illustria
1316 3728 1362 3780 tri·

272 3800 366 3866 eliaii,
395 3811 427 3857 ut
450 3804 638 3857 cheironomia
663 3820 727 3865 sna,
751 3804 828 3874 quod
854 3803 991 3866 diximus,
1016 3799 1239 3855 accumbentium
1261 3804 1362 3867 patrum

272 3878 383 3925 cantum
401 3874 588 3932 moderentur.
623 3873 766 3944 Quantum
784 3876 820 3926 ad
839 3876 971 3944 pietatem
992 3874 1105 3926 Domini
1123 3871 1241 3932 attinet,
1269 3868 1362 3921 dantur

273 3943 330 3995 illis
348 3944 463 4015 quidam
480 3944 628 3998 duodecim
646 3944 681 3996 ad
701 3962 806 3997 sacram
824 3962 946 3998 mensam
963 3942 1189 3997 acerrmbentibus
1208 3940 1365 4009 hegumenis

273 4023 385 4081 recepto
403 4031 480 4069 more
500 4016 674 4087 formulaque
695 4033 728 4069 ea
748 4019 856 4085 privato
880 4017 1036 4086 principale
1053 4013 1164 4082 peculio
1183 4010 1299 4082 singulis
1314 4027 1361 4061 aa·

273 4085 399 4140 miamata
428 4094 563 4161 quaterna
591 4089 705 4143 nomiae
731 4088 798 4143 doni
815 4090 948 4157 gratuiti,
975 4086 1092 4159 reliquis
1116 4092 1210 4137 autem
1229 4080 1361 4136 monacbis
