3042 4825
305 249 361 311 un
394 243 591 310 muratos.
620 241 759 308 sutus
787 243 958 308 sumar.
990 247 1029 307 u.
1052 245 1083 314 s,
1170 213 1255 300 533

156 398 279 481 μάδας,
307 402 364 465 κατ’
391 401 587 484 εἰσέρχονται
615 399 650 463 ἐν
674 400 718 484 τῷ
750 401 818 486 ναῷ
837 399 901 464 τῶν
930 395 1028 480 άγίων
1049 390 1254 477 άποστάλων,

155 497 213 565 καὶ
232 496 294 585 πρὸ
320 501 386 567 τῶν
406 499 507 582 άγίων
527 501 640 584 θυρῶν
660 496 716 562 διά
739 502 796 581 τῆς
815 498 946 581 τρισσής
964 495 1043 577 μετά
1064 499 1130 560 τάν
1149 496 1288 581 κήράνῐ)

154 593 398 683 προσκυνήσεως
419 594 709 684 άπευχαριστοῦσιν
729 598 778 685 τῷ
799 597 887 684 Θεῷ,
907 594 963 658 καί
980 594 1161 659 ἐκνεάουοιν
1181 594 1256 680 άριῆ

155 701 254 787 στερᾷ
265 695 342 783 πρὸς
355 696 515 782 άνατολήν
536 699 596 761 τοῦ
607 696 710 762 αὐτοῦ
724 695 879 780 βήματος,
900 698 956 758 καί
967 690 1163 780 ἀπέρχονται
1173 692 1257 778 πρὸς

130 793 231 872 5τοάς
260 795 402 884 τάφους,
431 788 529 883 ήγουν
553 800 598 873 εἰς
625 795 681 861 τὸν
709 791 800 880 ἅγιον
832 799 1085 860 Κωνσταντῑνον.
1127 786 1253 857 κάκεῖσο
1283 865 1286 868 ,

152 891 244 960 ἔνδον
264 897 319 980 τῆς
348 894 536 980 εἶσαγοάοης
566 894 668 980 πύλης
689 897 818 978 δέχεται
839 894 969 969 τούτους
990 887 1008 956 ὅ
1029 890 1252 978 πατριάρχης,

152 991 210 1058 καὶ
235 994 332 1060 πάλιν
359 997 394 1060 ἐν
422 996 465 1083 τῷ
492 997 592 1060 ἐκεῖσε
622 989 741 1078 βήματι
771 990 826 1056 διά
855 996 912 1076 τῆς
932 996 1065 1080 τρισοής
1082 990 1165 1075 μετά
1186 994 1251 1055 τάν

152 1097 257 1180 κρρῶν
277 1094 519 1180 προσκυνήσεως
539 1094 831 1176 άπευχαριστοῦσιν
849 1094 896 1180 τῷ
917 1094 1004 1181 Θεῷ,
1026 1091 1083 1157 κατ’
1100 1089 1252 1156 ἐπιδίδω-

153 1217 206 1258 σιν
236 1189 253 1257 d
276 1191 475 1280 πατριάρχης
498 1191 660 1274 θυμιατάν
687 1196 731 1281 τῷ
749 1190 863 1280 πράτιρ
890 1197 1037 1273 βασιλεῖ’,
1065 1190 1123 1256 κατ’
1145 1191 1254 1278 θυμιᾷ

113 1289 200 1368 mede
219 1317 254 1356 τε
274 1291 311 1356 τά
333 1289 425 1378 άγιον
454 1295 542 1377 βῆμα
563 1290 618 1356 καί
637 1289 693 1357 τάν
712 1292 817 1377 τάφον
837 1295 975 1368 Λέοντος
993 1294 1053 1356 τοῦ
1074 1285 1248 1377 ὄρθοδόξου

152 1387 304 1455 δεσπότου
331 1390 386 1453 καὶ
412 1393 467 1474 τῆς
490 1391 582 1474 άγίας
610 1389 666 1455 καί
684 1390 850 1472 βασιλίδος
873 1391 1060 1476 Θεοφανοῦς
1101 1390 1156 1454 καί
1176 1393 1301 1454 Ba-sa
1310 1399 1338 1452 L.
1347 1402 1402 1456 λοῦ

151 1490 271 1555 σιλειόυ
292 1492 351 1554 τοῦ
371 1487 543 1576 ὄρθοιλόξου
564 1493 621 1554 κατ’
639 1488 765 1573 ἀγαθοῦ
783 1489 959 1571 βασιλέως,
986 1489 1043 1552 καί
1065 1481 1130 1553 εἶθ’
1149 1481 1249 1562 οὕτως

151 1591 198 1662 εἰς
217 1590 275 1653 τοῦ
297 1589 425 1674 πρώτου
447 1587 504 1654 καὶ
520 1589 657 1672 μεγάλου
681 1587 926 1654 Κωνσταντάνου
947 1591 1006 1652 τοῦ
1026 1584 1117 1672 ἆγιου
1138 1589 1192 1651 καὶ
1204 1588 1253 1650 ε’ν·

153 1687 245 1766 δόξαν
266 1690 430 1769 βασιλέως.
473 1685 530 1751 καί
546 1686 629 1770 μετὰ
652 1689 751 1752 ταῦτα
772 1689 957 1773 ἐπιστρέφει
977 1687 996 1751 ὅ
1015 1684 1169 1771 βασιλεάς
1192 1699 1252 1766 pt:

114 1785 193 1860 s5rd
216 1791 275 1852 τοῦ
295 1785 515 1872 πατριάρχου,
537 1786 594 1852 καί
619 1787 637 1851 o‘
657 1790 718 1870 μὲν
737 1785 939 1872 πατριάρχης
959 1787 1139 1870 εἰσέρχεται
1158 1785 1253 1870 ἐντῷ

67 1914 71 1924 ·
151 1886 271 1973 βήματι
292 1890 391 1953 ποιάν
411 1885 469 1971 τήν
487 1883 598 1970 εάχήν,
619 1885 674 1950 κατ’
702 1884 903 1971 άπάρχονται
928 1883 958 1950 οἱ
979 1885 1100 1967 ψάλται
1121 1882 1157 1947 τὸ
1174 1904 1251 1968 τρο-

152 1991 280 2073 πάρισν·
304 1990 384 2070 ,,τοῦ
405 1990 548 2074 σταυροῦ
566 2009 624 2052 σου
643 1983 698 2052 τὸν
714 1984 814 2052 τύπον
829 1989 863 2052 ἕν
883 1981 1008 2073 οὗρανῷ
1026 1982 1250 2063 θεασάμενος.”

153 2083 171 2150 ὅ
193 2089 228 2151 δὲ
248 2083 400 2168 βασιλεάς
421 2086 668 2172 άποχαιρετίσας
688 2083 745 2150 τὸν
765 2084 984 2170 πατριάρχήν,
1012 2085 1125 2148 τοῦτον
1146 2077 1252 2147 dond-

156 2187 258 2270 ζεται,
289 2185 344 2249 καὶ
371 2185 588 2250 λιτανεάουσιν
617 2179 700 2264 μετά
720 2206 755 2248 τε
775 2185 837 2247 τῶν
858 2184 1043 2269 μαγίοτρων
1064 2185 1121 2247 κατ’
1139 2205 1254 2266 norpr-

114 2283 232 2348 σακίων
253 2281 391 2348 καὶτῶν
420 2285 536 2346 λοιπῶν
559 2282 615 2365 τῆς
635 2277 832 2366 συγκλήτου,
861 2285 1023 2366 διέρχεται
1043 2281 1098 2346 διά
1118 2283 1175 2347 τοῦ
1196 2283 1276 2357 ἐξ-ις

155 2387 251 2471 αέρου
272 2385 330 2468 τῆς
353 2378 468 2468 κόγχης
487 2383 550 2447 τάν
571 2379 669 2465 ἁγίων
690 2379 895 2447 πάντωνικαί
913 2384 968 2466 τῆς
988 2378 1088 2447 ἐκεῖσε
1108 2375 1252 2475 άπαγοάκ

155 2509 212 2569 σής
233 2478 329 2564 ὁδοῦ,
359 2482 415 2547 καὶ
434 2483 612 2567 εἰσέρχεται
633 2481 679 2556 εἰς
699 2477 759 2565 τήν
781 2478 885 2566 αὐλήν
904 2482 969 2546 τῶν
988 2480 1167 2561 παλατίων,
1196 2476 1255 2543 κατ’

153 2736 222 2805 ipsis
244 2736 336 2786 iacent
359 2750 408 2787 sua
434 2734 600 2798 mutatoria,
627 2732 805 2801 indnuntque
821 2731 864 2783 ibi
888 2732 1024 2785 dibetesla
1049 2748 1098 2784 sna
1122 2740 1152 2787 et
1174 2732 1251 2784 chla-

153 2805 267 2872 mydes,
293 2813 322 2856 ct
346 2805 386 2855 sie
415 2803 544 2873 deinceps
563 2806 669 2855 intrant
685 2804 715 2853 in
734 2818 819 2854 naum
853 2819 901 2855 seu
926 2803 1017 2855 narlm
1037 2804 1122 2855 ΕΜ
1145 2804 1251 2855 astolo-

154 2892 222 2926 rum.
258 2873 301 2926 lbi
329 2884 393 2941 ante
418 2883 538 2925 sanctam
557 2883 664 2943 portam
682 2882 725 2925 ter
743 2890 805 2924 cum
825 2876 911 2925 cereis
929 2876 1046 2925 adorant
1063 2876 1109 2925 lau
1130 2876 1251 2945 ibasque

154 2944 296 2997 celebrant
313 2947 402 2996 Deum
414 2944 539 3014 genubus
557 2945 645 3008 flexis,
662 2952 720 2995 tom
739 2943 879 2995 declinant
898 2943 934 2995 ad
952 2946 1090 2996 sinistram
1108 2962 1201 2997 versus
1219 2962 1252 2996 ο-

155 3016 274 3068 rientem
292 3014 409 3067 bematis
431 3031 479 3065 seu
498 3014 666 3078 tribunalis,
693 3016 770 3085 quod
789 3017 818 3066 in
837 3015 887 3065 illo
911 3015 1015 3099 templo
1034 3024 1091 3080 est,
1109 3025 1138 3067 et
1154 3032 1253 3087 proce-

155 3086 226 3137 dunt
251 3102 345 3138 versus
371 3087 515 3155 sepulcra,
541 3086 571 3136 id
595 3095 636 3138 cst
666 3100 759 3136 versus
788 3087 813 3137 S.
835 3085 1055 3138 Constantinum.
1092 3087 1150 3151 lbi,
1177 3088 1252 3139 intra

154 3164 263 3227 portam
284 3156 320 3206 ad
339 3173 370 3207 ca
389 3158 514 3225 sepulcra
533 3155 695 3219 ducentem,
725 3156 828 3226 excipit
845 3170 892 3207 eos
912 3158 1083 3227 patriarcha3
1101 3174 1254 3229 rursusque·

153 3230 213 3280 Deo
234 3228 263 3277 in
278 3226 399 3290 bematc,
419 3228 494 3297 quod
513 3226 554 3277 ibi
573 3234 623 3289 est,
641 3227 713 3281 trina
733 3242 794 3277 cum
813 3227 898 3277 cereis
916 3228 1080 3279 adoratione
1098 3238 1203 3297 gratum
1222 3236 1252 3281 et

154 3298 284 3349 devotum
316 3306 454 3350 testantur
479 3299 619 3365 animum3
648 3296 790 3367 traditque
814 3298 970 3367 patriarcha
1001 3300 1106 3351 seniori
1129 3299 1253 3350 Domino

153 3367 318 3435 thymiatum
345 3384 393 3419 seu
419 3368 611 3435 thuribulum
631 3368 743 3439 quicum
767 3368 818 3418 ille
837 3375 866 3419 et
890 3376 1013 3420 sanetum
1032 3369 1112 3419 bema
1134 3378 1162 3423 ct
1179 3378 1254 3437 tym-

153 3438 220 3490 bum
239 3440 340 3490 Leonis
359 3439 508 3492 orthodoxi
529 3440 643 3491 Domini
666 3438 761 3511 [patris
784 3436 962 3499 Constantini
988 3439 1253 3512 porphyrogenitil,

154 3516 183 3560 ct
201 3518 310 3561 sanctae
334 3512 517 3579 Imperatricis
541 3508 769 3578 Theophanonis‚
788 3508 872 3580 [quae
901 3512 1001 3563 Leonis
1026 3529 1094 3561 uxor
1121 3510 1203 3583 fuit,]
1222 3520 1252 3563 ct

157 3580 267 3645 Basilii,
282 3582 348 3649 lmp.
371 3580 520 3634 orthodoxi
538 3590 622 3653 atque
635 3580 719 3643 boni,
738 3590 768 3632 ct
785 3580 896 3631 tandem
915 3582 997 3650 primi
1014 3582 1165 3633 Christiani
1192 3599 1252 3631 ma—

158 3652 259 3721 gnique
281 3653 455 3721 Imperatoris
481 3652 671 3715 Constantini,
690 3651 778 3702 sancti
805 3652 881 3703 illius
909 3660 938 3703 et
963 3651 1076 3721 gloriosi
1099 3654 1250 3723 principis,

157 3722 281 3785 tynrbum
305 3722 436 3773 incensat.
482 3725 546 3776 Post
563 3724 631 3774 haec
647 3729 756 3792 peraeta
782 3724 929 3773 revomitur
947 3725 1099 3791 imperator
1117 3740 1178 3775 eum
1200 3742 1250 3795 pa-

156 3790 283 3843 triarcha.
318 3794 353 3845 Et
371 3792 417 3845 hic
434 3794 548 3865 quidem
566 3797 653 3845 intrat
670 3795 700 3844 in
718 3792 799 3843 bema
825 3793 871 3845 SS.
889 3794 1099 3863 Apostolorum,
1124 3795 1246 3846 facitne

156 3858 394 3927 benedictionem,
423 3872 450 3916 et
477 3867 583 3935 psaltae
602 3864 742 3933 incipiunt
759 3864 925 3932 troparium,
945 3864 1021 3936 quod
1039 3865 1074 3915 ab
1093 3864 1136 3915 lris
1154 3814 1261 3917 reddtis*

156 3932 277 3984 orditur:
299 3936 397 3988 Crucis
416 3949 480 3989 tuas
499 3938 648 4006 imaginem
666 3936 698 3987 s'n
719 3934 799 3987 coslo
817 3937 1019 4006 contemplatus
1044 3944 1095 3987 etc.
1132 3938 1255 4004 lmpera-

157 4009 200 4053 tor
217 4012 310 4055 aui-ru
334 4005 466 4058 valedicit
491 4015 519 4058 et
539 4008 662 4057 oscrslum
690 4006 765 4073 pacis
784 4004 909 4075 impertit
925 4004 1115 4075 patriarchae.
1133 4014 1162 4057 ct
1180 4008 1255 4059 inter

156 4075 373 4143 supplicationes
392 4084 476 4147 atque
493 4078 599 4130 cantica
619 4075 746 4145 procedit
764 4092 818 4126 una
847 4092 908 4126 cnm
926 4078 1063 4145 magistris
1081 4088 1110 4129 ct
1126 4078 1256 4147 patriciis

155 4144 320 4217 reliquoque
339 4155 453 4212 senatu,
478 4148 633 4219 transitque
650 4162 701 4217 per
726 4146 827 4198 atrium
844 4148 956 4199 fornicis
977 4148 1142 4202 Sanctorum
1160 4149 1252 4202 omni-
