3042 4825
272 205 329 297 88
482 227 754 300 consuluntur
782 173 1150 295 ronnnnnocnum

270 384 484 474 χοομενείοις,
504 379 596 450 ἅπτει
612 378 728 469 κηροίς
755 375 906 448 datram
934 385 993 448 rosi
1012 381 1244 466 θυσιαστηρίου
1263 373 1367 468 ὅπερ·

272 491 330 551 θεν
356 485 420 550 τῶν
442 483 614 566 βασιλικῶν
642 481 751 546 πολῶν
777 482 834 544 καί
847 474 976 563 εὔχεται
994 480 1103 546 έκεῖσε·
1145 475 1316 562 εὐξάμενος
1331 481 1369 545 δέ

272 586 307 648 έν
324 585 367 671 τῷ
389 575 451 647 ὄντι
468 584 532 645 τῶν
552 582 825 664 κατηχοομενείων
845 580 999 666 εῶκτηρίρι
1020 580 1075 662 τῆς
1099 576 1274 663 ῶπεραγῶις
1286 580 1368 644 Θεο-

275 681 387 762 τόκοο,
419 675 508 762 ῶψας
526 681 562 746 δὲ
580 679 705 743 κάκεῖσε
726 674 843 763 κηροὺς
862 679 918 743 καί
936 675 1104 759 εὐξάμενος
1119 679 1292 762 ἐξέρχεται,
1313 675 1372 741 καί

137 782 399 846 deterioratos
417 781 452 844 έν
468 780 512 867 τῷ
528 780 777 865 παρακυμπτικῷ
796 778 854 841 τοῦ
872 779 1106 862 θνσιαστηρίου
1126 768 1204 865 ένῷ
1227 773 1387 842 εἷθιοται5
1446 817 1452 826 ·

271 879 356 969 αὐτῷ
370 883 444 944 καθ’
462 873 595 961 ἑκάστην
608 880 794 962 προέλενσιν
811 878 965 941 ἵστασθαι
981 875 1037 941 καί
1051 879 1188 941 ἐκτελεῖν
1202 873 1261 961 την
1275 877 1370 941 θείαν

143 989 228 1048 Edi..
238 991 270 1047 53
278 980 490 1063 λειτουργίαν,
518 970 608 1041 ῶπτει
627 975 662 1040 δὲ
683 970 808 1040 κάκεῖσε
823 971 948 1060 κηροῖς.
983 977 1053 1062 (Β.)
1081 976 1133 1065 Τῷ
1147 977 1184 1040 δέ
1198 977 1299 1062 καιρῷ
1312 977 1370 1058 τῆς

276 1079 367 1154 θείας
388 1073 553 1150 κοινωνίας
577 1069 745 1160 ἀνέρχεται
769 1070 908 1159 ὃὶερεῶς
933 1071 1013 1156 μετὰ
1034 1072 1092 1139 καί
1114 1077 1232 1139 λοιπῶν
1247 1071 1369 1159 ἱερέων,

276 1175 466 1262 προσφέρων
485 1171 521 1238 τὸ
535 1173 639 1256 τίμιον
653 1175 773 1259 δῶρον,
794 1171 851 1238 καί
867 1173 1060 1249 εἰσελθόντος
1078 1175 1136 1238 τοῦ
1160 1172 1269 1259 ἱερέως
1286 1169 1370 1254 μετὰ

274 1279 333 1341 τοῦ
346 1277 451 1354 τιμίου
473 1269 577 1358 δῶρον
588 1323 598 1356 ,
627 1282 774 1336 κοινωνεῖ
789 1270 808 1335 ὅ
822 1269 973 1354 βασιλεύς
991 1273 1026 1337 έν
1048 1275 1094 1362 τῷ
1116 1273 1286 1360 εὖκτηρίῳ,
1316 1271 1371 1336 καί
1375 1285 1412 1327 ¹⁰

188 1431 196 1442 .
275 1371 411 1454 ἐξελθών
431 1373 608 1456 εἰσέρχεται
627 1373 661 1436 ἐν
676 1374 720 1460 τῷ
730 1369 932 1461 μητατωρίιρ.
959 1370 1202 1456 κοινωνήσαντες
1218 1373 1254 1435 δὲ
1270 1367 1326 1434 καί
1340 1365 1372 1434 οἱ

273 1475 333 1538 τοῦ
344 1469 562 1552 κοοβοοκλείον
581 1465 727 1551 ἅπαντες,
750 1471 942 1557 ἀπέρχονται
956 1467 986 1536 οἱ
1002 1467 1097 1554 ἱερεῖς
1109 1472 1165 1535 καί
1181 1471 1371 1555 προτιθέασι

272 1569 310 1642 τό
326 1571 430 1654 τίμιον
446 1573 548 1656 δ’ῶρον
565 1571 600 1635 ἐν
616 1573 660 1659 τῷ
679 1564 848 1659 ἆντιμισίιρ
864 1573 907 1657 τῷ
922 1561 988 1634 ὅντι
1006 1564 1156 1635 ἀπέναντι
1175 1572 1235 1633 τοῦ
1249 1573 1371 1633 θυσια-

273 1672 405 1758 στηρίου
426 1663 563 1752 ὕπερθεν
577 1671 641 1732 τῶν
658 1672 832 1750 βασιλικῶν
849 1669 975 1751 πολῶν,
996 1666 1053 1733 καῖ
1071 1669 1321 1754 προσκληθέντες
1338 1664 1371 1729 οἱ

244 1761 253 1854 ’,
274 1775 448 1856 πατρίκιοι,
468 1766 644 1854 στρατηγοί
653 1791 687 1831 τε
702 1768 759 1831 καί
777 1766 798 1850 ἢ
828 1767 999 1852 σύγκλητος
1020 1764 1110 1853 παρὰ
1125 1768 1182 1832 ταῶ
1202 1765 1257 1849 τῆς
1274 1755 1413 1826 κατα-15

274 1868 434 1949 στάσεως,
449 1869 641 1948 κοινωνοῦσι,
656 1864 712 1932 καί
727 1861 790 1932 εἶθ’
800 1861 901 1943 οὕτως
914 1869 1120 1953 κατέρχονται
1134 1861 1164 1932 οἱ
1179 1865 1274 1949 ἱερεῖς
1290 1859 1371 1948 πρὸς

252 1953 257 1962 ”
275 1965 311 2031 τὸ
326 1969 485 2034 ἐκτελέσαι
501 1963 561 2050 τήν
576 1967 669 2029 θείαν
690 1967 896 2048 λειτουργῶν.
918 1968 974 2032 καί
990 1968 1046 2051 τῆς
1064 1967 1156 2040 θείας
1172 1961 1371 2048 λειτουργίας

251 2067 495 2148 Βτελεσθείσης,
531 2065 692 2149 διέρχεται
718 2059 736 2128 o‘
758 2063 908 2146 βασιλεὺς
939 2060 993 2129 διαὶ
1018 2066 1083 2128 τῶν
1107 2063 1371 2147 κατηχοομενίων,

276 2163 332 2228 καί
350 2159 514 2229 κατελθῶν
535 2165 570 2230 έν
590 2165 635 2250 τῷ
655 2162 822 2253 τρικλίνῳ,
854 2165 1023 2243 καθέζεται
1051 2164 1107 2228 int
1124 2165 1183 2246 τῆς
1201 2161 1305 2228 αὕτοῶ
1323 2184 1372 2227 τι-

275 2262 353 2346 μίας
372 2263 526 2347 τραπέζης
543 2259 624 2343 perd
648 2263 704 2327 καί
723 2261 847 2350 φιλων,
870 2253 915 2330 ῶν
935 2255 975 2328 ῶν
994 2262 1106 2348 κελεύῃ
1128 2263 1271 2325 καλέσαι.
1291 2279 1409 2346 spu-no

276 2361 413 2447 ματίσας
440 2362 476 2427 δέ
505 2359 561 2427 καί
587 2360 744 2445 αναστὰς,
775 2360 1000 2448 περιβάλλεται
1018 2356 1054 2425 τὸ
1075 2359 1284 2443 τζετζιάκιον,
1315 2359 1372 2425 καί

277 2462 518 2545 δηριχεοὸμενος
539 2457 600 2525 ὑπὸ
627 2464 689 2531 τῶν
710 2461 875 2547 ἀρχόντων
894 2462 954 2525 τοῦ
973 2458 1217 2543 κονβοοκλείοο,
1244 2463 1371 2540 goyla·

275 2562 373 2645 βιτῶν
398 2584 432 2630 τε
450 2558 507 2626 καί
524 2563 642 2626 λοιπῶν
662 2562 845 2643 οῖκειακῶν,
879 2564 1040 2647 διέρχεται
1058 2554 1112 2625 διὰ
1131 2558 1195 2624 τῶν
1215 2576 1373 2641 κατηχον-

275 2658 403 2746 μενέων·
449 2658 467 2729 ὅ
489 2656 535 2729 dd'
544 2658 716 2747 ἡγούμενος
734 2664 841 2754 copti
866 2657 1045 2753 ἔμπροσθεν
1063 2660 1123 2729 τοῦ
1142 2656 1299 2748 βασιλέως
1313 2655 1372 2740 μέ·

345 2814 372 2867 6.
392 2812 547 2870 sciretur
564 2812 606 2869 ed.

278 2960 403 3023 precatus
423 2960 515 3007 cutem
535 2953 566 3005 in
585 2956 705 3009 oratorio
729 2955 916 3009 sanctissimae
934 2953 1070 3023 Deiparae
1094 2954 1126 3007 ln
1146 2950 1366 3014 catechumenis.

280 3039 372 3073 cereos
400 3022 526 3076 accendit
548 3031 578 3075 et
600 3024 641 3077 ibi
659 3042 772 3109 quoque
798 3031 944 3095 precatur,
965 3031 1063 3093 postca
1086 3039 1226 3092 egressus,
1252 3022 1283 3073 in
1301 3020 1370 3072 eml-

278 3093 400 3143 ncntiori
424 3100 503 3160 parte
530 3096 657 3159 sncrarii,
686 3093 733 3147 ubi
761 3097 791 3147 lu
809 3095 923 3164 singulis
949 3092 1172 3164 processionibus
1200 3101 1273 3145 stare
1296 3089 1371 3142 divi-

279 3178 401 3230 nuanuc
420 3162 540 3213 cilicium
559 3164 697 3217 celebrare
716 3166 802 3231 solet,
828 3164 954 3218 subsistit
973 3172 1001 3216 et
1020 3162 1062 3215 ibi
1081 3179 1192 3233 quoque
1212 3178 1304 3215 cereos
1322 3176 1371 3213 ao-

280 3230 380 3283 ccndit
417 3231 473 3303 (ll.)
492 3233 558 3285 Tem
581 3252 627 3285 ore
645 3244 735 3287 autem
753 3253 842 3289 sacrae
867 3235 1066 3287 communionis
1084 3232 1209 3287 sacerdos
1227 3250 1288 3284 cnm
1306 3230 1373 3283 rcli-

280 3302 342 3372 quls
362 3300 467 3354 clericis
486 3320 546 3355 cccc
568 3306 607 3367 it,
633 3304 755 3359 divinum
774 3323 872 3358 munus
892 3309 1023 3367 nlicrens,
1044 3322 1098 3374 quo
1120 3304 1221 3365 allato,
1249 3303 1372 3374 imperc-

278 3378 323 3424 tor
341 3374 559 3425 communionem
577 3374 606 3426 in
625 3364 744 3429 oratorio
764 3379 878 3445 accipit,
898 3384 927 3427 ct
944 3390 1065 3446 egressus
1083 3373 1256 3426 metatorium
1276 3374 1372 3431 intrat.

278 3442 426 3513 Postquam
443 3460 507 3496 vcro
527 3444 653 3497 omuibus
673 3446 849 3500 cubiculariis
878 3463 952 3501 encra
982 3444 1138 3497 communio
1158 3443 1297 3513 impertita
1315 3450 1373 3506 cst,

280 3512 433 3565 sacerdotes
457 3513 579 3577 abeunt,
607 3516 791 3570 venerandum
821 3518 923 3571 donum
952 3514 982 3569 in
1001 3514 1183 3575 antimenslo·
1210 3510 1285 3582 quod
1309 3518 1374 3563 111ῑο

280 3584 426 3634 sacrarium
452 3600 532 3653 cupra
551 3585 739 3653 imperatorias
765 3592 860 3641 ianuas
884 3596 943 3651 ert,
970 3592 1128 3655 reponunt,
1161 3591 1190 3637 ct
1211 3583 1333 3635 a'rccssiti
1357 3597 1375 3633 a

280 3653 470 3705 cerimonisrlo
491 3656 620 3723 patricii,
643 3660 754 3726 strategi
783 3667 812 3711 ct
828 3668 957 3722 senatus,
977 3656 1198 3717 communicant,
1219 3651 1373 3705 sacerdotes

280 3722 315 3775 ad
334 3721 512 3791 peragendam
531 3723 650 3776 divinam
667 3726 806 3798 liturgiam
824 3730 938 3785 abeunt.
975 3726 1038 3796 Quo
1062 3726 1133 3778 sacto
1155 3726 1308 3792 imperator
1322 3737 1374 3793 per

278 3790 472 3845 catechumena
489 3792 658 3863 digreditur,
683 3804 710 3848 ct
727 3808 870 3869 postquam
889 3816 918 3852 ιε
935 3797 970 3849 ad
987 3796 1139 3848 trlcllnlum
1158 3793 1294 3856 contulit,
1311 3808 1374 3843 eum

279 3862 392 3921 amicis,
413 3878 481 3932 quos
499 3866 588 3917 vocari
607 3868 733 3930 iusserit,
749 3868 923 3922 venerandae
941 3883 1052 3919 mensae
1070 3883 1134 3918 suae
1153 3861 1268 3916 adsidet
1305 3864 1341 3913 lit
1356 3877 1374 3913 a

279 3932 403 3983 convivio
423 3936 555 3997 surrexit,
581 3938 733 3988 tzitzncium
752 3938 864 4002 induit,
885 3948 913 3992 ct
932 3956 948 3990 n
966 3936 1094 3989 cubiculo
1112 3935 1276 4006 praelectis,
1293 3948 1376 3985 man·

277 4002 385 4054 claritis
406 4020 436 4054 sc
454 4004 572 4072 reliquis
592 4006 726 4059 ministris
745 4011 882 4079 stipatus,
898 4026 949 4079 per
966 4006 1164 4060 catechumena
1188 4004 1304 4065 usmis,
1322 4001 1375 4056 be·

278 4087 394 4143 gusncuo
414 4078 478 4123 ante
497 4074 692 4144 lmpcrstorcm
712 4078 747 4130 ad
767 4090 876 4150 portam
895 4094 982 4148 usqne
1001 4075 1258 4129 catechumenorum
1277 4073 1377 4125 inccn·
1408 4112 1413 4121 .

277 4148 362 4201 scuto.
398 4142 543 4217 Egressum
561 4145 628 4203 iudo
646 4146 844 4221 imperatorem
863 4148 976 4225 patricii
993 4153 1024 4202 et
1048 4145 1161 4221 strategi
1178 4146 1210 4201 in
1228 4158 1261 4198 es
1275 4149 1377 4218 poste·
