3042 4825
221 174 282 237 DE
310 170 408 237 vt‘ra
438 172 491 237 ΕΤ
517 174 648 239 REBUS
681 174 820 239 ossus
848 174 1135 242 constarunt.
1192 178 1264 241 tht

142 348 241 407 nus,
269 330 348 391 luter
373 340 475 392 cetera
505 328 545 391 de
573 329 724 393 servanda
752 332 908 392 maiestate
935 341 1118 415 praecepta,
1143 328 1264 410 filium,

143 434 190 473 nc
214 410 273 474 illa
294 435 431 497 unquam
453 426 624 495 expeteret,
644 414 837 475 admonuerit
850 416 891 491 ¹).
936 417 1022 476 Missi
1043 434 1114 475 curn
1127 413 1206 495 Elga
1221 436 1264 477 sa-

144 496 322 575 cerdotes,
344 500 399 579 qui
419 498 568 559 deformia
589 498 778 575 simulacra,
801 497 1002 581 cultumque,
1024 499 1145 580 penitus
1165 498 1265 559 abole·

144 590 240 641 rent.
285 578 338 641 An
365 582 420 643 diu
448 604 523 664 gens
553 585 709 664 promissis
737 584 877 657 steterit,
909 583 1072 643 incertum.
1116 581 1266 643 Traditrn·

144 662 267 740 fama,
287 667 412 747 'venisse
432 667 590 727 interiecto
610 677 747 747 tempore
768 665 808 725 ad
830 666 978 726 Ottonem
1001 668 1080 747 lmp.
1103 685 1122 725 a
1142 666 1265 747 Rugis,

143 768 209 809 seu
238 740 368 826 Rrbsis,
389 760 543 827 oratores,
566 752 619 833 qui
639 750 797 811 doetrinae
809 748 1001 809 Christianae
1021 751 1201 829 interpretes
1214 770 1267 831 po·

143 830 236 913 pulo
268 844 465 915 expeterent:
493 832 582 895 facile
609 836 753 895 annuisse
783 833 953 911 Ottonem,
985 844 1017 893 et
1037 832 1265 911 Adelbertum,

144 912 321 997 aliosque,
343 916 521 999 ablegasse,
554 916 608 979 sed
634 938 741 977 omncs
769 938 788 976 a
808 916 925 997 perfida
953 925 1044 998 gente
1063 927 1117 977 aut
1136 936 1264 995 caesos,

145 1009 211 1059 ant
234 1001 322 1059 omni
343 1000 527 1061 contumelia
550 1000 675 1063 affectos
696 1022 779 1078 esse,
794 996 894 1061 solnm
903 998 1106 1059 Adelbertum
1126 1001 1266 1063 evasisse.

146 1083 271 1161 Quae,
293 1083 364 1143 licet
383 1106 403 1144 a
422 1084 622 1165 Rheginone,
644 1094 752 1145 autore
764 1104 827 1142 non
839 1082 1011 1165 indiligenti
1026 1127 1036 1162 ,
1051 1092 1221 1143 memorata
1227 1083 1265 1160 ²),

144 1164 261 1227 alima
282 1190 301 1227 a
322 1188 418 1243 vero,
444 1176 498 1227 aut
525 1166 667 1227 confusas
688 1188 753 1227 esse
774 1168 913 1227 nationes
932 1167 1053 1227 dissitas
1074 1188 1110 1227 ae
1130 1166 1267 1227 diversas

146 1248 307 1313 arbitror.
353 1250 417 1309 Cur
439 1252 521 1311 enim
542 1270 606 1313 non
626 1271 645 1308 a
666 1252 792 1311 Graccis
812 1251 941 1331 potius,
971 1270 1066 1332 quam
1086 1272 1105 1311 a
1126 1250 1266 1325 Latinis,

145 1332 253 1393 Russi
272 1332 445 1394 sacerdotes
457 1334 687 1415 postulassent?
709 1345 765 1395 aut
784 1336 854 1415 quis
867 1344 1009 1393 veterum
1021 1345 1182 1393 auctorum
1197 1332 1267 1394 illos

145 1416 266 1499 Rugos
288 1414 477 1497 appellavit?
500 1418 564 1477 Hos
585 1417 653 1477 loca
674 1417 754 1478 inter
774 1416 925 1477 Viadrum
947 1427 979 1477 et
1000 1416 1154 1477 Vistularn
1174 1415 1267 1476 lluvi-

150 1520 222 1575 os,
247 1498 287 1559 ad
312 1502 413 1561 sinum
429 1499 591 1561 Codanum
612 1510 779 1581 porrecta,
801 1498 931 1561 coluisse
945 1502 1134 1579 accepimus:
1160 1500 1199 1559 ad
1212 1500 1270 1560 hos

149 1582 378 1659 Adalbertus,
410 1584 437 1643 is
466 1586 519 1664 qui
547 1595 654 1666 postea
684 1582 941 1665 Magdeburgicus
968 1582 1090 1663 praesul
1122 1581 1200 1661 firit,
1234 1594 1270 1643 ut

151 1668 413 1748 superstitionem
433 1665 554 1727 foedam
575 1678 607 1727 et
628 1666 774 1727 infamem
794 1668 1003 1748 extingueret,
1024 1668 1162 1725 accessit.
1204 1664 1270 1726 Ne-

149 1772 222 1831 que
243 1772 295 1811 me
315 1750 518 1830 scriptorum,
540 1753 593 1831 qui
615 1751 710 1811 secuti
732 1750 942 1830 Rheginonem
962 1748 1080 1826 sunt3),
1099 1768 1156 1809 nee
1177 1748 1269 1809 loan-

149 1834 208 1895 nis
232 1832 426 1909 lllalrillonii‚
448 1836 553 1917 magni
573 1836 633 1894 viri
655 1834 826 1914 imprimis,
847 1834 964 1893 Russos
981 1834 1061 1893 tanti
1080 1830 1201 1893 sceleris
1216 1852 1269 1891 co-

152 1918 340 1999 arguentis,
362 1917 509 1977 autoritas
530 1916 678 1991 moveat).
721 1916 820 1976 Silent
839 1918 922 1977 euim
946 1918 1055 1977 Graeci
1071 1936 1198 1993 omnes,
1221 1936 1270 1977 res

152 1998 262 2060 multo
283 1999 414 2060 leviores
434 2002 604 2080 posteritati
633 1996 756 2059 tradere
784 2000 926 2078 adsueti,
956 1998 1026 2060 silet
1057 1990 1269 2078 Theodosius,

154 2095 189 2145 et
222 2082 459 2159 Suentoslaum,
481 2078 577 2165 Elgae
606 2082 721 2157 filium,
750 2092 783 2141 et
810 2082 1028 2164 laropoleum,
1058 2093 1227 2162 nepotem,
1250 2103 1270 2143 a

156 2166 342 2227 Christiano
368 2164 454 2225 cultu
474 2164 699 2241 abhorrentes,
730 2164 771 2223 ad
802 2186 888 2225 saera
909 2169 1062 2225 maiorum
1092 2168 1270 2243 transiisse,

156 2250 360 2327 memorem).
403 2246 596 2309 Vlodimirus
614 2250 702 2329 ipse,
743 2268 805 2327 quo
826 2246 949 2308 nullum
968 2249 1049 2308 inter
1063 2250 1177 2309 Russos
1197 2246 1269 2307 illu-

158 2334 259 2393 strius
280 2352 393 2393 nomen
414 2341 485 2408 est,
514 2352 585 2391 eum
615 2352 635 2391 a
660 2330 806 2409 pontifice
826 2330 941 2414 legati,
971 2330 1127 2415 religionis
1148 2334 1268 2410 eausa,

158 2419 334 2492 venissent,
355 2418 544 2476 Graecorum
564 2412 748 2476 cerimonias
770 2415 906 2496 recipere
924 2414 1045 2492 maluit,
1064 2419 1186 2478 iunctus
1201 2415 1269 2474 An·

159 2520 249 2577 nae,
268 2499 401 2560 Romani
421 2499 549 2560 iunioris
569 2499 672 2578 filiae,
694 2496 804 2558 Ottoni
825 2500 1006 2581 Imperatori
1027 2509 1118 2559 antea
1136 2499 1269 2580 despon-

161 2595 269 2658 satae,
291 2581 455 2646 connubio.
1239 2580 1244 2588 ⁴

250 2666 312 2726 Xl.
356 2666 441 2726 Inter
468 2664 544 2726 bace
566 2663 862 2746 Langobardorum,
896 2666 950 2747 qui
979 2663 1037 2725 soli
1066 2661 1213 2724 haetenus
1237 2665 1269 2723 in

161 2749 327 2810 occidente
346 2749 437 2808 fidem
458 2759 489 2808 et
515 2748 696 2830 obsequium
727 2759 907 2823 servarant,
938 2747 1055 2808 tributa
1085 2747 1269 2829 Imperatori

162 2835 332 2916 quotannis
352 2831 565 2912 solverant),
595 2832 724 2896 desectio
743 2831 960 2894 nunciabatur.
1002 2831 1130 2894 Dudum
1151 2851 1269 2891 exarse-

196 2995 443 3070 unsaramma.
460 2983 716 3069 tmper.cap.x111‡
736 3000 808 3068 pes.
822 2999 887 3050 edit
900 2995 985 3048 nana.
1041 2995 1121 3068 aaa
1143 3013 1187 3048 ιι.
1207 2998 1269 3065 959.

239 3067 524 3192 i's⁵lnil¹iiisiiird'
540 3067 796 3192 aficeriinliiailr
815 3065 1060 3207 Csh'⁰⁰'5i¹lidil'
1097 3067 1192 3191 silei
1203 3071 1271 3206 23²²

239 3210 270 3282 6)
282 3180 423 3260 Constant.
433 3155 690 3278 dealirinJlmperi
701 3228 721 3262 e
731 3227 772 3278 ορ.
781 3159 1027 3281 pgnstcdssandur.
1048 3156 1174 3260 Militia&
1187 3155 1270 3260 dral-

166 3335 170 3340 ,
238 3285 307 3332 θεῖν
329 3277 361 3332 τὰ
381 3281 531 3347 βασίλειον
552 3279 585 3331 ἐν
597 3282 912 3354 ,Κωνσταντινοατιιίλει
939 3278 1166 3350 διεμερίσθησαν
1180 3279 1272 3330 ταῦτα

238 3349 335 3404 πάντα
356 3352 397 3409 είς
419 3341 516 3418 ἀρχὰς
535 3349 603 3413 do'o,
636 3351 665 3412 ἐξ
690 3341 727 3403 οὗ
752 3355 802 3404 καλ
826 3340 906 3422 παρὰ
934 3352 988 3402 τοῦ
1011 3350 1213 3417 βασιλεύοντος
1238 3349 1271 3401 ίν

239 3421 551 3475 Κωνσταντινοαπόλει
589 3420 795 3476 ἀπεστέλλοντο
828 3425 982 3490 πατρίκιοι
1005 3419 1075 3483 δύο,
1103 3424 1151 3472 καί
1175 3417 1271 3491 ὁμὲν

239 3485 282 3550 εἷς
309 3497 463 3562 πατρίκιος
490 3489 607 3562 ἐκράτει
628 3483 683 3560 viv
706 3494 845 3545 Σικελίαν
867 3497 917 3544 καί
936 3481 989 3558 τὴν
1011 3492 1198 3561 Καλαρρίαν,
1220 3491 1271 3542 καλ

238 3561 293 3630 τὴν
315 3564 485 3626 Νεάπολιν,
503 3567 552 3616 καί
568 3561 736 3636 stanimir,
755 3563 772 3616 d
790 3563 822 3616 dl
837 3563 934 3634 ἕτερος
950 3566 1103 3630 πατρίκιος
1121 3563 1269 3629 ἐκαθέζετο

241 3637 282 3694 είς
305 3629 496 3704 Rsrrprvtto'r,
530 3637 581 3686 καλ
604 3637 719 3704 ἐκράτει
740 3625 792 3700 τῆν
816 3639 958 3698 llantur,
982 3637 1032 3684 καλ
1054 3626 1107 3698 τὴν
1127 3633 1270 3695 Κάαοαν,

242 3696 343 3760 καὶτὰ
361 3701 450 3760 λοιπὰ
482 3705 584 3758 πάντα.
621 3711 681 3759 Καὶ
701 3708 814 3760 ἐτέλεον
838 3709 953 3764 amaros
977 3708 1018 3772 τρί
1037 3706 1153 3771 βασιλεῖ
1168 3697 1202 3755 τὰ
1222 3718 1270 3755 νε-

173 3823 177 3837 .
241 3779 454 3851 νομισμίνοιτρί
470 3776 605 3848 δημοσίῳ.
644 3779 784 3848 Occnpata
802 3775 1043 3845 Langobardorum
1060 3779 1141 3827 armis
1154 3784 1270 3846 utraque

241 3850 399 3918 provincia,
418 3848 512 3901 eadem
537 3849 623 3900 facies
642 3850 770 3918 imperii,
789 3846 894 3900 tributa
917 3847 1013 3898 eadem
1029 3863 1162 3898 mansere.
1198 3845 1272 3896 llinc

242 3921 416 3989 Nicephorns
440 3919 672 3990 lmp2Copuanos
694 3927 722 3972 et
744 3921 952 3972 Beneverrtanos
973 3935 1071 3972 servos
1092 3935 1172 3979 suos,
1190 3931 1268 3983 agros

175 4043 180 4054 ,
243 4009 338 4044 eornm
362 4009 414 4046 ruo
444 3989 586 4054 themata,
613 4007 684 4062 quae
714 3991 769 4043 sibi
797 3990 875 4042 nullo
910 3992 970 4043 iure
1002 3995 1175 4060 arrogassent
1198 3984 1271 4060 ipsi,

242 4064 373 4136 appellat.
410 4061 442 4114 V.
467 4059 630 4132 Luitprand.
658 4062 749 4133 Legat.
782 4079 808 4132 p.
839 4061 895 4130 ιίή.
925 4059 981 4132 147.
