3042 4825
287 153 373 240 610
491 165 762 244 cousmuuor
792 155 1162 250 romnmocuuu

283 330 371 421 αἴρει
381 322 500 407 οδτοδς
513 329 576 396 circo*
593 333 658 400 τῶν
675 334 787 415 ἐκεῖσε,
804 333 861 399 κατ’
877 327 949 419 άγει
964 335 1000 402 ἐν
1020 338 1065 426 τῷ
1083 339 1172 426 μέσρι
1194 339 1254 403 τοῦ
1271 340 1380 426 φόρου

278 435 339 498 ’κατ’
365 434 490 517 ἵστησιν
515 427 633 507 ον’τοδς
658 434 833 513 μονοειδῶς
861 431 942 498 κατά
966 431 1027 518 τήν
1053 438 1113 501 τοῦ
1138 434 1240 501 τόπου
1264 438 1382 507 θέσιν.

279 531 336 598 καὶ
352 527 472 607 εὐθέως
496 523 632 618 ἄρχεται
651 527 669 592 δ
694 529 819 615 ψάλτης
838 531 919 613 μετὰ
943 537 1063 616 μέλους
1083 533 1140 620 την
1160 538 1313 603 ἐπινίκιον
1336 531 1380 628 gi-

280 635 346 698 δειν
372 627 476 721 spiritis·
518 623 665 719 ,ᾅσωμεν
692 632 738 719 τῷ
758 633 887 721 Κυριλρ.
928 631 1061 712 ἐνδόξως
1085 631 1149 721 γάρ
1177 630 1378 715 δεδόξασται.

167 731 174 742 ’
277 733 373 800 ἵππον
391 727 448 794 καί
464 721 625 813 ἀναβάτην
645 722 783 815 ἔρριψεν
804 731 850 806 εἰς
871 728 1038 798 θάλασσαν
1046 733 1078 798 .’'
1119 737 1182 799 τῶν
1201 737 1237 802 δὲ
1254 737 1400 802 λοιπῶν5

274 830 407 914 patros
424 830 480 894 κατ’
499 831 559 893 τοῦ
574 829 658 893 λαοῦ
684 827 800 907 παντὸς
831 830 1102 918 ἀποκρινομένου,
1134 832 1192 899 καὶ
1211 837 1270 920 τῆς
1288 833 1376 924 ρλδῆς

242 926 378 1014 Βπάσης
397 920 687 1014 άποπληρονμένης,
712 926 815 1005 εδθδς
835 927 922 1014 αἴρει
945 925 964 994 c‘
986 933 1155 1017 λογοθδτης
1172 935 1230 998 rori
1248 931 1373 1018 δρόμου

272 1026 352 1104 τούς
371 1028 565 1113 μεγιστάνας
588 1030 651 1092 τῶν
678 1031 873 1116 Σαρακηνῶν
900 1027 981 1112 μετά
1010 1033 1068 1095 καί
1092 1033 1153 1098 τοῦ
1182 1033 1373 1113 δομεστιλιου

272 1129 340 1194 τῶν
359 1126 484 1211 σχολῶν
504 1123 642 1192 καὶτῶν
667 1126 832 1210 τυχόντων
861 1127 1043 1216 στρατηγῶν
1072 1131 1120 1208 εἰς
1146 1126 1184 1196 τδ
1204 1132 1370 1212 ταξείδιον,

272 1227 338 1293 εἴτε
371 1227 432 1292 τοῦ
451 1224 660 1314 δρουγγαρίον
695 1227 760 1292 τῶν
778 1229 921 1311 πλοΐμων
942 1227 1080 1297 καὶτῶν
1106 1232 1249 1314 πλοΐμων
1268 1255 1418 1315 erpa-so

270 1328 376 1412 τηγῶν
402 1324 459 1392 κατ’
487 1327 550 1392 τῶν
580 1325 725 1409 μεγάλων
754 1327 921 1414 α’ρχόντων
954 1332 1011 1394 τοῦ
1031 1332 1185 1413 πλοΐμου,
1228 1329 1290 1396 εἴτε
1315 1329 1372 1395 rat

265 1412 465 1513 στρατηγῶν,
494 1421 638 1511 δηλονότι
658 1427 722 1491 τῶν
743 1423 778 1492 τὸ
797 1429 954 1503 ταξείδιον
974 1428 1184 1513 ποιησάντων,
1207 1428 1289 1512 μετά
1305 1431 1368 1496 τῶν

269 1527 483 1611 τουρμαρχῶν
504 1527 561 1590 κατ’
576 1525 724 1608 μεγάλων
741 1519 907 1609 άρχόντων
923 1525 986 1592 τῶν
1001 1525 1152 1609 θεμάτων
1171 1530 1288 1610 αὐτῶν,
1313 1525 1370 1593 καὶ

269 1621 341 1711 ἄγει
360 1622 540 1712 ἔμπροσθεν
555 1627 612 1690 τοῦ
627 1627 806 1708 βασιλέως,
836 1617 935 1708 ἤγουν
949 1627 1004 1692 ἐπὶ
1025 1627 1088 1691 τῶν
1100 1629 1158 1691 τοῦ
1172 1627 1274 1702 ιαόνος
1288 1629 1367 1694 α’να-

120 1721 409 1811 Εδλι.353βάθρων,
428 1721 485 1788 κατ’
503 1719 588 1810 αἴρει
604 1721 622 1788 δ
641 1725 808 1806 λογοθέτης
825 1721 908 1805 μετὰ
926 1727 985 1788 τοῦ
1005 1727 1191 1807 δομεστάιοα
1205 1730 1269 1790 τῶν
1288 1736 1410 1809 σγα-[5

266 1827 349 1906 λῶν,
378 1821 467 1912 εἴπερ
493 1816 587 1898 αὖτδς
609 1811 648 1908 ἦν
669 1819 686 1886 δ
707 1818 742 1888 ri
767 1820 923 1906 ταξειδιον
944 1822 1099 1910 ποιήσας,
1133 1821 1192 1909 την
1212 1822 1364 1910 κεφαλὴν,

265 1917 366 2009 ἤγουν
387 1919 444 1988 τὸν
465 1925 593 2010 πρῶτον
621 1922 783 2007 Ἀμηρᾶν,
816 1919 873 1986 καὶ
893 1923 1024 2008 τίθησιν
1045 1919 1110 1987 rimi
1141 1925 1205 1988 τῶν
1224 1927 1285 1988 τοῦ
1302 1928 1365 2007 βα->

264 2023 379 2096 σιλέως
398 2022 523 2100 ποδῶν,
541 2017 598 2084 κατ’
622 2029 720 2086 πατεῖ
737 2017 837 2086 αὐτὸν
860 2020 880 2084 δ
899 2019 1053 2103 βασιλεδς
1069 2020 1125 2085 ε’πί
1145 2019 1202 2106 την
1221 2021 1363 2108 κεφαλὴν

263 2121 309 2208 τῷ
331 2120 428 2206 δεξιῷ
448 2119 545 2181 ποδί·
588 2111 663 2184 ὅδὲ
685 2117 939 2205 πρωτοστράτωρ
960 2116 1017 2182 ε’πδ
1039 2121 1098 2183 τοῦ
1121 2117 1280 2206 τραχήλου
1300 2121 1362 2184 ου’-

263 2221 322 2284 τοῦ
349 2219 496 2298 ἑπίστησι
517 2212 553 2282 τὸ
582 2214 747 2298 βασιλικὸν
773 2215 876 2302 δόρυ,
912 2219 1103 2301 κρατοῦντος
1131 2214 1276 2303 δηλονότι
1301 2222 1402 2288 τοῦτο

262 2318 420 2402 βασιλέως
439 2316 479 2402 τῇ
500 2316 588 2402 δεξιᾷ
607 2313 698 2402 χειρὶ
717 2312 752 2380 τὸ
774 2314 852 2380 urire*
874 2311 965 2401 δόρυ.
1006 2315 1064 2382 καὶ
1083 2317 1206 2392 εδδέως
1228 2321 1360 2384 πάττου-

261 2440 297 2485 σι
324 2414 439 2492 πάντες
464 2410 495 2480 οἱ
525 2416 651 2499 δέσμιοι
678 2422 807 2503 πρηνεῖς
830 2412 886 2483 ἐπὶ
913 2418 973 2501 τῆς
984 2418 1070 2502 γῆς·
1110 2415 1150 2483 τά
1176 2416 1213 2483 δὲ
1234 2414 1357 2485 τούτων

262 2704 335 2743 unua
358 2684 499 2741 modulata
516 2697 583 2739 voce
601 2698 711 2737 carmen
728 2660 897 2756 triumphile
914 2700 1026 2751 canere,
1044 2684 1120 2756 quod
1137 2684 1192 2739 hoc
1208 2692 1251 2739 est
1268 2682 1356 2759 [Mors

261 2767 373 2811 auctore
398 2777 404 2808 :
426 2758 565 2809 canamus
584 2756 712 2808 Domino.
748 2756 861 2809 qustrr‘
875 2758 948 2811 enim
966 2769 996 2810 et
1010 2757 1135 2828 glorioso
1152 2758 1275 2826 exempto
1287 2775 1356 2827 pro-

262 2826 337 2883 didit
353 2828 472 2899 goriam
490 2838 518 2880 et
532 2826 687 2910 potentiam
710 2842 796 2878 suam.
835 2827 948 2901 Εηααιπ
972 2839 1000 2880 et
1027 2828 1147 2900 equitem
1174 2826 1297 2880 coniecit
1323 2829 1357 2881 r'rr

262 2916 349 2951 mare.
368 2897 421 2949 Cui
439 2896 540 2967 reliqur
558 2904 683 2948 cantores
701 2905 730 2949 et
748 2904 823 2948 totur
841 2898 960 2965 populus
978 2896 1175 2964 respondente·
1194 2898 1357 2949 continuant

261 2968 393 3035 hymnum
413 2966 510 3029 illum,
536 2964 625 3018 donec
645 2975 708 3035 post
726 2967 836 3035 saepius
854 2968 1001 3019 alternatos
1017 2967 1139 3035 partium
1155 2966 1297 3020 amborum
1311 2969 1353 3020 vi·

259 3054 304 3090 ces
330 3045 404 3090 totus
423 3034 545 3089 canendo
564 3036 706 3089 absolutus
725 3037 818 3089 fuerit.
862 3036 996 3095 Absolute
1022 3037 1149 3104 protinus
1167 3040 1281 3105 rapiunt
1308 3037 1351 3091 lo-

259 3107 373 3179 gotheta
397 3106 512 3169 dromi,
541 3104 705 3159 domesticus
730 3106 883 3159 scholarum
909 3115 939 3159 et
967 3106 1014 3175 qui
1034 3107 1211 3159 excubiarum
1231 3109 1305 3159 vices
1322 3108 1352 3159 iu

258 3178 398 3249 praetorio
417 3176 568 3229 identidem
589 3175 696 3230 obeunt
712 3179 824 3247 strategi
843 3194 859 3230 e
876 3178 996 3229 statione
1014 3194 1064 3228 rua
1082 3186 1222 3245 magnater
1240 3177 1352 3229 Sarace-

257 3264 375 3302 norum:
395 3249 452 3300 rire
469 3248 524 3298 iam
543 3264 576 3299 eo
594 3246 640 3299 die
658 3249 858 3303 classiariorum
875 3245 1035 3317 drungarius
1053 3255 1083 3298 et
1098 3248 1211 3317 strategi
1230 3254 1260 3299 et
1279 3256 1351 3299 cete-

257 3320 282 3373 ri
308 3319 424 3371 maiorer
447 3326 589 3381 rectores,
623 3319 680 3370 sive
710 3317 862 3370 thematum
894 3333 943 3370 seu
974 3317 1114 3388 legionum
1139 3318 1350 3388 provincialium

257 3390 384 3458 strategi,
403 3386 572 3441 turmarchae
591 3394 620 3441 et
636 3390 752 3441 maiores
771 3397 911 3451 rectores,
929 3385 1000 3439 iliud
1019 3386 1154 3441 taxidium
1175 3384 1235 3459 [seu
1250 3388 1349 3441 cohor·

256 3466 315 3512 tem
332 3460 362 3511 iu
389 3460 469 3511 armis
493 3455 688 3528 procedentem
718 3460 918 3527 securitatique
936 3467 1020 3527 etque
1038 3457 1112 3511 bono
1129 3457 1220 3510 ordini
1240 3458 1349 3527 prospi-

256 3528 386 3603 cientem]
407 3528 561 3583 conficiant.
598 3527 668 3581 lude
686 3527 762 3580 ducit
781 3546 837 3591 cos,
847 3544 947 3597 nempe
965 3527 1105 3596 logotheta
1123 3526 1222 3593 dromi,
1240 3527 1276 3579 acl
1292 3529 1349 3579 lm-

254 3608 408 3671 peratorem
424 3614 507 3669 ruper
523 3596 621 3669 gradus
639 3598 783 3651 columnae
802 3598 987 3671 [Constantini
998 3595 1017 3669 ,l
1037 3605 1066 3649 et
1088 3597 1232 3650 adiutura
1251 3598 1348 3652 dome·

255 3672 325 3723 stico
345 3668 519 3731 scholarum,
537 3667 573 3738 (si
589 3684 689 3738 nempe
708 3668 754 3721 hic
771 3676 838 3721 tunc
855 3667 990 3722 taxicii'um
1008 3667 1091 3720 ducat
1098 3668 1118 3738 ‚)
1136 3671 1287 3738 prosternit
1303 3685 1348 3721 ca·

252 3750 323 3811 put,
351 3741 382 3811 id
405 3748 446 3793 est
463 3741 582 3807 primum
602 3746 630 3792 ct
655 3740 834 3807 praecipuum
860 3741 981 3793 Amirum
1007 3739 1162 3807 captivum,
1184 3739 1235 3791 rub
1260 3739 1344 3807 pedes

251 3812 438 3883 Imperatoris.
474 3810 509 3861 Et
528 3816 595 3862 tunc
612 3810 729 3878 imponit
748 3812 897 3879 imperator
918 3808 1018 3877 pedem
1037 3825 1116 3859 suum
1141 3808 1268 3861 dextrum
1286 3811 1310 3862 e'
1328 3826 1346 3880 p

252 3883 353 3953 capiti:
375 3888 556 3953 protostrator
574 3888 666 3931 autem
692 3881 811 3949 imponit
827 3881 942 3933 iacentis
961 3880 1061 3931 cervici
1085 3878 1191 3932 hastam
1216 3882 1223 3895 '

252 3952 326 4016 lem,
353 3970 434 4025 quarn
452 3953 511 4021 ipse
529 3951 680 4019 Imperator
697 3966 746 4003 sua
764 3968 876 4021 quoque
899 3951 995 4003 dextra
1017 3948 1240 4017 comprehensam

251 4023 292 4076 Eo
310 4024 394 4089 facto,
413 4021 515 4075 cadunt
531 4012 617 4073 ceteri
635 4022 736 4090 captivi
758 4038 853 4075 omues
870 4022 996 4091 protinus
1013 4022 1044 4072 io
1063 4029 1162 4074 terram
1180 4022 1274 4088 proui3

252 4101 365 4167 sueque
384 4101 414 4149 et
430 4090 550 4147 flanona
568 4092 691 4163 ipsorum
715 4090 829 4147 humum
853 4108 947 4153 remus
968 4091 1101 4147 iuciiuata
1117 4091 1294 4148 invertuntur
1312 4092 1344 4147 in
