3042 4825
220 260 291 323 XIV
572 258 629 323 10.
663 254 742 325 th.
774 260 924 327 REISKH
997 329 999 332 ,
1093 300 1098 313 ·

222 414 433 477 meessorem
453 411 675 491 clarissimum,
705 414 759 495 qui
780 435 848 474 eam
875 436 894 475 a
915 416 1014 496 prima
1036 414 1239 482 adolescentia
1259 419 1322 483 fre·

223 524 371 597 quentare
398 524 614 591 consueverat,
648 512 689 573 ad
716 513 868 574 edendum
898 536 975 596 opus
1002 515 1149 581 hactenus
1175 520 1324 583 ineditum

200 644 205 652 -
224 616 377 675 excitaret.
410 614 476 673 Iam
489 623 578 673 antea
591 612 624 673 id
638 612 720 673 idem
734 612 858 674 molitus
876 613 975 676 luerat
996 616 1044 677 Io.
1061 618 1325 703 Hermotimus,

223 717 257 775 in
281 714 446 775 Academia
472 714 618 775 Giessana
643 712 805 794 ,quondam
826 715 961 776 Graecae
976 727 1007 777 et
1029 718 1235 781 Orientalium
1262 720 1325 782 lin-

225 835 355 897 guarum
384 813 555 877 meessor.
606 813 751 873 Testatur
779 815 812 874 in
842 813 1022 896 Catalogo‚
1053 840 1145 901 quern
1172 824 1323 901 coniecit,

226 914 374 977 codicum
401 912 691 995 manuscriptorum
720 912 933 977 bibliothocae
965 916 1269 999 Uffenbachianae,
1291 944 1326 984 se

227 1012 298 1075 libri
316 1014 408 1075 buius
425 1012 551 1074 latinam
568 1014 849 1096 interpretationem
863 1015 1040 1097 confecisse,
1068 1031 1243 1103 certamque
1258 1022 1326 1083 edi-

225 1115 317 1175 tionis
339 1134 424 1195 spem
447 1112 530 1173 facit.
574 1110 618 1175 At
636 1134 671 1175 ea
685 1113 810 1196 quidem
830 1136 901 1175 cnm
922 1118 1019 1199 ipsius
1039 1118 1127 1181 obitu
1147 1121 1324 1202 decollavit,

225 1235 336 1297 neque,
352 1234 414 1296 quo
429 1213 586 1274 devenerit
603 1216 667 1275 eius
686 1216 909 1297 interpretatio,
920 1227 1048 1280 constat.
1069 1218 1230 1301 Specimen
1247 1224 1325 1302 eius,

225 1294 308 1375 uhde
329 1316 481 1379 aestimari
503 1326 614 1396 queat,
636 1314 770 1377 habetur
789 1318 822 1376 in
843 1315 936 1377 modo
957 1315 1081 1378 laudato
1102 1318 1263 1403 catalogo,
1293 1332 1325 1381 et

224 1415 307 1497 apud
329 1414 516 1475 Faearcrurr.
561 1416 674 1476 Omine
695 1418 789 1497 igitur
815 1415 972 1500 aliquanto
991 1420 1193 1500 auspicatiore
1213 1420 1324 1481 editio-

224 1536 296 1576 nem
315 1517 415 1598 0peris
435 1512 682 1577 desideratissimi
702 1519 835 1600 suscepit
854 1516 929 1579 clar.
951 1519 1120 1599 Lercarus,
1139 1521 1189 1581 vir
1208 1521 1327 1581 Graece

224 1616 394 1699 Latineque
420 1614 610 1677 doctissimus
621 1622 641 1695 ,³
664 1627 695 1678 et
720 1619 754 1677 in
784 1620 869 1678 omni
896 1629 1000 1680 vetere
1025 1637 1168 1701 novaque
1196 1619 1325 1681 historia

225 1717 459 1797 versatissimus,
477 1728 508 1777 et
521 1720 653 1799 primam
668 1715 792 1800 quidem
812 1721 877 1781 eius
891 1740 976 1801 spem
996 1719 1125 1781 iaciebat
1144 1741 1225 1781 anuo
1242 1719 1323 1805 1743

224 1819 258 1879 in
277 1815 381 1879 libello
401 1817 443 1879 de
460 1814 629 1900 Diptychis
650 1830 793 1879 veterum
809 1838 887 1903 pag.
916 1839 953 1881 ro
977 1840 1045 1904 sqq.
1070 1819 1126 1881 ubi
1152 1830 1252 1883 totum
1272 1840 1325 1882 ca-

224 1928 281 2001 put
300 1914 569 1999 quadragesimum
595 1916 720 1979 secundi
741 1916 813 1979 libri
838 1930 971 2003 utroque
991 1938 1131 1981 sermone
1160 1918 1324 2003 vulgavit,

225 2019 324 2101 ipsam
345 2036 420 2079 vero
441 2014 606 2077 editionem
635 2016 814 2079 ordiebatur
833 2018 957 2079 biennio
977 2029 1059 2101 post.
1112 2018 1166 2078 Ab
1196 2040 1232 2079 en
1252 2018 1327 2080 inde
1349 2078 1355 2096 ,
1515 2033 1516 2046 ’

114 2127 365 2200 nunrrtempore
391 2118 538 2199 processit
564 2118 723 2199 impressio
751 2118 846 2179 variis
881 2118 1049 2200 intercepta
1077 2117 1325 2200 impedimentis,
1416 2098 1421 2109 ’

225 2218 323 2279 donec
350 2214 477 2279 tandem
505 2218 671 2299 superioris
706 2219 780 2278 anni
810 2219 936 2278 incunte
972 2228 1087 2278 aestate
1116 2216 1326 2281 doctissimum

223 2316 388 2395 editorem,
412 2318 478 2377 vita
491 2315 630 2398 longiore
648 2315 874 2397 dignissimum,
894 2327 926 2377 et
940 2317 1060 2399 egregia
1082 2320 1324 2398 promittentem,

223 2417 307 2482 acuti
327 2418 427 2480 morbi
452 2418 556 2478 visin
586 2418 693 2478 amatis
723 2415 800 2479 flore
831 2416 965 2478 tolleret.
1018 2417 1230 2480 Perveneram
1257 2431 1327 2480 tum

224 2521 372 2602 ¹temporis
390 2516 576 2602 typographi
596 2537 694 2598 usque
720 2516 760 2578 ad
788 2519 933 2605 paginam
957 2515 1050 2578 buius
1078 2515 1221 2580 editionis
1249 2519 1325 2582 216.

224 2618 379 2683 Devoluta
400 2618 542 2700 deinceps
564 2635 600 2678 ex
619 2637 802 2700 magnorum
825 2619 964 2680 virorum
985 2617 1025 2678 de
1044 2619 1121 2680 meis
1140 2617 1326 2701 profectibus

225 2720 359 2802 benigno
378 2715 492 2780 iudicio
512 2715 654 2778 editionis
678 2714 882 2780 absolvendae
900 2737 974 2777 cura
995 2716 1035 2777 ad
1055 2737 1106 2778 me
1126 2717 1195 2778 fuit.
1238 2718 1328 2796 Quae

226 2821 321 2902 igitur
344 2839 391 2897 ea,
412 2839 474 2900 qua
486 2815 561 2896 dixi,
583 2816 694 2898 pagina
707 2818 877 2898 posteriora
894 2827 978 2895 sunt,
995 2837 1104 2879 excusa
1123 2817 1248 2878 lirerunt
1268 2817 1326 2879 sub

226 2921 303 2986 meis
313 2917 421 2998 acidis,
443 2927 475 2978 et
496 2915 684 2978 excudentur
701 2937 808 2998 porro,
824 2916 945 2978 favente
953 2917 1034 2996 Deo,
1056 2939 1136 3001 quae
1156 2927 1327 2999 supersunt.

310 3017 340 3101 §-
361 3039 393 3078 2.
435 3016 487 3078 Do
516 3019 701 3095 argumento
729 3016 819 3080 tiore.
869 3017 903 3076 Si
931 3021 1000 3100 quis
1034 3016 1094 3078 boc
1123 3013 1265 3091 saeculo,
1297 3025 1328 3076 et

228 3140 325 3203 paene
353 3117 482 3180 dixerim
511 3135 670 3198 unquam,
698 3116 731 3176 in
759 3113 860 3176 lucem
889 3115 988 3177 editus
1011 3115 1070 3176 suit
1100 3113 1327 3198 cognoscendae

228 3219 387 3302 Augustae
399 3215 554 3278 Romanae
568 3215 813 3298 Byzantiuaeque
825 3214 970 3276 historiae
982 3213 1066 3276 utilis
1084 3212 1177 3294 liber,
1191 3224 1238 3276 est
1253 3235 1327 3276 sane

229 3319 294 3380 bic.
335 3316 445 3400 Neque
463 3316 617 3378 immerito
637 3318 669 3377 in
691 3315 756 3376 eius
776 3313 961 3376 desiderium
989 3325 1165 3376 exarserunt
1192 3313 1326 3394 cruditi,

230 3440 267 3480 ex
290 3439 353 3500 quo
373 3426 587 3500 argumentum
607 3427 638 3476 et
656 3416 790 3496 pretium
810 3413 993 3479 intellexere.
1032 3414 1076 3476 Et
1096 3435 1189 3493 sane,
1211 3416 1237 3474 si
1257 3415 1327 3497 quis

233 3539 336 3580 secum
358 3527 491 3599 reputet,
511 3514 594 3576 hunc
614 3513 728 3576 librum
756 3513 796 3576 de
825 3517 997 3576 cerimoniis
1028 3513 1116 3576 aulae
1143 3515 1328 3597 Byzantinae

232 3637 407 3701 exponere,
426 3614 600 3697 reeolatque
620 3618 742 3692 animo,
772 3625 848 3696 quot
868 3626 899 3676 et
930 3635 1024 3697 quam
1044 3615 1165 3678 diversa
1188 3618 1223 3676 in
1250 3614 1329 3677 aulis

234 3737 423 3780 summorum
447 3715 620 3798 principum
640 3735 698 3776 usu
722 3716 873 3793 veniant,
894 3725 925 3776 et
944 3713 978 3775 id
998 3736 1120 3798 quoqne
1138 3713 1262 3776 tandem
1278 3717 1327 3777 in·

234 3817 367 3902 telligat,
389 3815 490 3878 auriam
512 3816 729 3898 Byzantium,
751 3814 851 3896 qualis
875 3815 1329 3899 certePorphyrogennetorum

235 3931 374 4000 tempore
394 3927 471 3994 erat,
492 3914 634 3976 umbram
656 3916 768 3976 veteris
789 3913 946 3997 Augustae
964 3917 1122 3978 Romanae
1142 3916 1258 3978 striae:
1281 3915 1327 3975 la·

237 4017 295 4080 cile
315 4015 367 4079 ille
386 4013 549 4078 affimant
563 4013 679 4092 credat,
697 4035 798 4096 neque
811 4035 931 4078 sacrum
945 4037 1022 4093 esse,
1038 4035 1137 4098 neque
1151 4015 1327 4098 profanum,

235 4115 381 4182 historiae
408 4117 519 4178 vetetis
544 4125 777 4198 argumentum,
805 4115 889 4197 quod
908 4115 961 4176 hic
985 4115 1065 4178 liber
1083 4137 1147 4178 nou
1176 4117 1326 4197 attingat,
