3042 4825
253 172 342 280 648
461 198 736 266 consaturant
770 199 1139 266 marmonium

230 357 305 442 Cepi
322 351 404 438 πρός
421 347 577 439 οἷνστολὴν
596 356 755 443 α’ριστερῷ
774 357 867 440 μέρει
885 358 945 420 soii
965 355 1068 422 αὐτοῦ
1087 352 1244 440 νόρδηκος
1263 353 1370 417 ἴστω-

254 477 311 519 τοιι
332 452 500 539 λαρνάκων
520 451 636 540 μικρόν
655 454 718 518 α’πό
739 457 833 520 λίθου
854 455 1103 540 Προικονησίου,
1123 447 1220 540 ἢτουν
1233 459 1369 536 Παιρι-

253 557 371 634 μαίον,
408 555 442 620 όν
462 543 489 641 ῷ
510 548 679 618 ἀπόκειται
702 555 875 638 Θεοκτίστη
906 555 926 639 ἦ
958 553 1061 641 μήτηρ
1096 555 1269 640 Θεοδώρας
1296 555 1367 634 τῆς

253 652 415 738 μακαρίας
434 655 609 734 βασιλίδος.
644 655 757 735 ἰστέον,
782 647 831 718 ότι
851 658 983 739 πλησίον
1003 651 1114 721 αὐτοῦ’
1126 657 1254 718 ἵσταται
1274 657 1365 734 λιτρ-

253 751 478 819 mactassent
499 755 593 817 λίθου
615 757 809 837 Σαμαρινοῦ,
837 745 936 838 ἥτουν
957 754 1219 837 Πνευμονουσίου
1229 797 1243 828 ,
1271 751 1307 814 ἐν
1327 740 1391 838 ᾧ5

255 847 421 916 ἀπόκειται
442 848 562 937 Εἰρήνη
588 847 608 935 ἦ
629 849 772 936 θυγάτηρ
795 848 913 938 Βόρδα
939 856 998 918 τοῦ
1024 857 1201 937 καίσαρος.
1242 849 1361 928 ἰστέον,

254 945 302 1014 ότι
323 953 528 1036 λαρνακίδιον
546 948 663 1035 μικρόν
694 955 908 1032 σπιθαμιαῖον
935 955 1063 1018 ἵσταται
1082 952 1216 1036 πλησίον
1237 947 1360 1026 αὐτῶν,

253 1051 300 1126 εἷς
320 1045 341 1114 ό
361 1045 524 1116 ἀπόκειται
542 1047 577 1115 τό
598 1051 657 1116 τοῦ
675 1054 830 1136 καιλιαρος
849 1047 1232 1138 Βόρδα-κατομόγουλον.
1271 1048 1361 1112 ἰστέ-

254 1171 310 1232 ον,
340 1144 390 1215 irc
409 1151 445 1214 ἐν
464 1151 507 1237 τῇ
521 1152 602 1237 μονῇ
623 1153 679 1234 τῆς
708 1149 803 1234 ἆγίας
824 1146 997 1237 Εόφημίας
1025 1153 1081 1236 τῆς
1101 1150 1269 1233 λεγομένης
1287 1139 1361 1212 Εὖ-

226 1244 388 1335 Βμόρφον
412 1250 447 1314 ἐν
466 1252 512 1337 τῷ
531 1246 613 1332 πρός
634 1248 790 1335 ἀνατολὴν
817 1251 973 1337 ἀριστερῷ
992 1253 1086 1333 μέρει
1104 1251 1163 1334 τῆς
1183 1248 1281 1331 αδτῆς
1301 1247 1413 1310 ase-10

255 1350 397 1434 κλησίας,
418 1349 453 1414 ἐν
471 1352 511 1436 τῇ
531 1349 632 1413 ἐκεῖσε
651 1353 828 1438 σταταραίρ
848 1347 1011 1416 ἀπόκειται
1024 1345 1190 1432 Παγκαλώ
1211 1343 1231 1430 ἦ
1250 1343 1359 1430 μήτηρ

255 1451 431 1518 Βασιλείου
453 1451 513 1512 τοῦ
533 1449 744 1534 φιλοχρίστου
773 1445 945 1515 δεσπότου.
987 1449 1023 1514 έν
1054 1449 1089 1512 δὲ
1112 1449 1157 1537 τῷ
1175 1444 1256 1531 πρός
1276 1439 1359 1508 civa-

254 1545 349 1632 τολὴν
369 1549 462 1634 δεξιῷ
477 1550 569 1632 μέρει
588 1551 644 1632 τῆς
665 1547 766 1630 αότῆς
786 1549 968 1633 ἐκκλησίας,
998 1541 1146 1612 σῖπίνανιι
1166 1541 1282 1630 ταότης
1299 1547 1360 1628 τῆς

255 1649 451 1731 σταταραίας
470 1649 555 1712 ἐστίν
573 1643 667 1730 ἑτέρα
687 1648 867 1732 σταταραία
889 1641 950 1711 ἇπό
973 1649 1067 1710 λίθου
1095 1645 1250 1730 πρασίνου
1274 1643 1359 1708 Θετ-

254 1749 375 1826 ταλοῦ,
415 1748 450 1811 έν
469 1737 492 1834 ᾗ
513 1741 677 1810 α’πόκειεαι
695 1744 872 1832 Μαριανός
893 1745 912 1810 ό
932 1743 1069 1830 γεγονώς
1089 1745 1271 1836 δομέστικος
1292 1739 1404 1806 sarrs

258 1847 405 1927 σχολῶν,
439 1848 497 1908 καί
521 1843 703 1927 Συμβάτιος
732 1845 749 1909 ό
772 1843 909 1932 ἀδελφός
931 1847 1044 1928 ου’τοῦ,
1067 1845 1243 1931 ἀμφότεροι
1262 1836 1360 1906 sitiet-

258 1946 318 2029 φοί
335 1947 509 2008 Βασιλείου
531 1945 588 2008 τοῦ
610 1947 817 2030 φιλοχρίστου
840 1945 1008 2008 δεσπότου.
1050 1943 1170 2024 ἰστέον,
1189 1937 1238 2008 ὅτι
1258 1945 1293 2007 ἐν
1311 1942 1358 2028 τῷ

258 2045 351 2130 δεξιῷ
378 2038 531 2131 εόκτηρίῷ
562 2047 617 2127 τῆς
647 2038 748 2129 αὖτῆς
768 2043 934 2129 ἐκκλησίας
954 2048 1015 2108 τοῦ
1034 2041 1231 2128 Προδρόμοο
1253 2041 1287 2106 έν
1307 2041 1355 2127 τῷ

255 2139 337 2225 πρός
357 2141 516 2225 ἀνατολήν
535 2137 690 2232 εὖωνόμῷ
709 2143 804 2226 μέρει
827 2148 884 2208 τοῦ
910 2145 1013 2209 astro&
1040 2143 1204 2228 εδκτηρίου
1226 2143 1353 2206 ἵσταται

109 2239 375 2323 automatum}
395 2235 593 2326 ἇνᾰγλυφος,
627 2243 662 2304 ἐν
688 2232 714 2330 qi
743 2237 908 2308 ἀπόκειται
932 2238 1131 2308 Ἀναοτασία
1154 2237 1175 2325 ἦ
1202 2235 1393 2324 θυγάτηρεο

256 2341 431 2406 Βασιλείαν
453 2342 512 2402 τοῦ
534 2341 742 2426 φιλοχρίστον
766 2337 931 2408 δεσπότου.
952 2342 1066 2424 ἰστέον,
1088 2336 1134 2404 ότι
1153 2342 1189 2408 ἒν
1208 2342 1254 2427 τῷ
1272 2335 1354 2423 πρὸς

258 2437 415 2523 οἷνατολην
446 2441 540 2527 δεξιῷ
567 2442 661 2526 μέρει
687 2444 745 2505 τοῦ
768 2436 869 2507 mirari
902 2442 1078 2526 εδκτηρίου,
1108 2442 1259 2505 α’πένανιι
1294 2438 1354 2503 τοῦ

255 2538 410 2626 λάρνακος
430 2540 555 2603 ἵσταται
574 2535 744 2625 λαρνόκιον
756 2537 870 2627 μικρὸν
891 2542 1084 2629 ιλνόμλυφον,
1105 2542 1140 2605 ἐν
1159 2528 1186 2627 pi
1207 2534 1351 2603 α’πόκειν-

255 2664 307 2709 ται
330 2630 433 2743 ’Arsa
454 2636 511 2704 sai
528 2638 657 2725 Ἑλένη,
676 2642 851 2729 θυγατέρες
871 2643 1044 2710 Βαοιλείου
1064 2642 1122 2709 τοῦ
1143 2639 1350 2727 φιλοχρίστου

256 2908 345 2961 larum
363 2915 392 2959 et
407 2906 493 2959 irater
510 2907 593 2959 modo
611 2907 702 2960 arcus
718 2910 746 2961 B.
767 2910 951 2979 imperatricis
968 2906 1139 2961 Theodorou.
1175 2909 1209 2961 In
1227 2904 1349 2958 eiusdem

257 2978 389 3028 ecelesiae
414 2978 543 3031 nartheca
567 2994 661 3031 versus
689 2980 826 3031 orientem
845 2980 881 3030 ad
900 2980 1038 3031 sinistram
1055 2980 1162 3050 plagam
1180 2986 1236 3031 stat
1252 2992 1349 3046 parvus

257 3048 439 3116 sarcophagus
466 3065 481 3099 e
507 3066 641 3101 marmore
668 3052 852 3103 Proconnesio
877 3060 925 3102 aut
951 3049 1118 3113 Piorimaeo,
1146 3049 1177 3100 iu
1200 3064 1256 3119 quo
1280 3048 1350 3097 iaoet

258 3118 435 3181 Theoctista,
457 3127 545 3171 mater
563 3122 589 3173 S.
610 3119 774 3173 Theodorae
790 3121 982 3191 Imperatricis.
1024 3120 1109 3189 Prope
1137 3118 1228 3171 adstat
1250 3134 1348 3187 parvus

258 3186 442 3257 sarcophagus
458 3206 617 3241 emrrmore
628 3192 759 3259 Sagarino
773 3200 821 3243 aut
828 3191 1031 3243 Pneumouusio
1052 3208 1100 3243 seu
1118 3188 1302 3260 pulmonario,
1319 3188 1348 3241 ia

257 3275 314 3380 ffim
332 3260 385 3311 sita
403 3266 445 3309 est
462 3260 551 3324 Irene,
573 3261 630 3312 filis
642 3262 889 3315 BardaeCaesaris.
909 3262 997 3331 Prope
1015 3259 1107 3313 adstat
1123 3277 1221 3329 parvus
1241 3258 1276 3311 asi
1291 3258 1346 3326 spi·

292 3346 368 3381 amne
377 3328 434 3379 fere
441 3331 552 3381 modum
562 3333 753 3402 sarcophagus,
761 3336 792 3385 in
801 3352 855 3403 quo
865 3332 988 3385 Caesaris
997 3331 1215 3384 Bardaemaxilla
1227 3329 1347 3381 inferior.

255 3400 290 3451 lu
314 3401 481 3452 monasterio
504 3402 529 3453 S.
549 3403 719 3471 Euphemiae
746 3403 836 3456 dietae
854 3405 1002 3456 Formosae
1025 3403 1097 3453 iacet
1119 3404 1199 3453 inea
1219 3401 1346 3453 ecclesiae

253 3470 351 3540 plaga,
370 3486 548 3541 qrraeversur
562 3474 698 3525 orientem
715 3476 852 3542 spectanti
871 3474 981 3525 sinistra
1000 3482 1057 3536 est,
1076 3474 1106 3524 in
1124 3480 1259 3534 rtatarea,
1278 3486 1347 3539 qrrse

253 3540 295 3591 ibi
315 3549 372 3602 est,
390 3542 504 3593 Panoaio
513 3580 522 3605 ,
542 3550 629 3593 mater
647 3544 744 3597 Basilii
764 3544 940 3615 Imperatoria
950 3543 1089 3595 Christum
1106 3544 1230 3597 amantis.
1266 3542 1303 3593 At
1318 3542 1347 3592 in

254 3610 350 3663 dextra
371 3610 494 3663 eiusdem
523 3613 653 3665 ecciesiae
677 3616 758 3684 plaga
781 3632 876 3669 versus
901 3615 1052 3678 orientem,
1078 3630 1093 3665 e
1116 3616 1227 3683 regione
1251 3611 1345 3673 istius,

253 3689 371 3735 statarea
390 3690 432 3732 est
448 3700 583 3735 marmore
601 3684 683 3737 viridi
692 3686 867 3749 Thessalico,
885 3689 914 3737 in
934 3702 988 3755 qua
1007 3687 1098 3737 iacent
1107 3684 1262 3745 Marianus,
1283 3682 1347 3733 olins

253 3753 419 3805 domesticus
437 3752 607 3818 scholarum,
626 3765 654 3807 et
671 3757 839 3823 Symbatius,
857 3756 938 3807 ambo
959 3755 1056 3808 fratres
1075 3756 1188 3820 Basilii,
1212 3754 1347 3807 Christum

254 3826 371 3876 amantis
390 3824 574 3892 Imperatoris.
621 3828 653 3877 In
681 3827 777 3879 ‹lextro
805 3826 929 3878 eiusdem
953 3827 1084 3878 ecciesiae
1111 3827 1248 3888 oratorio,
1274 3823 1347 3893 quod

253 3894 424 3947 Praecursori
450 3910 499 3945 reu
519 3896 616 3947 Ioanni
635 3900 775 3967 Baptistae
801 3914 906 3950 sacrum
932 3904 987 3959 est,
1014 3906 1043 3948 et
1060 3896 1173 3967 quidem
1191 3897 1221 3947 in
1240 3894 1347 3945 sinistra

253 3981 346 4016 versus
365 3966 500 4015 orientem
519 3965 599 4035 plaga
619 3969 678 4020 eius
695 3969 829 4031 oratorii,
850 3976 904 4019 stat
922 3968 1104 4037 sarcophagus
1123 3984 1184 4018 cum
1203 3966 1347 4035 sculpturis

253 4036 444 4097 exstantibus,
475 4037 504 4086 in
529 4054 586 4106 quo
610 4038 682 4091 iacet
708 4039 867 4099 Anastasia,
891 4040 949 4091 iiiia
977 4038 1073 4091 Basilii
1098 4037 1282 4107 Imperatoris.
1318 4036 1348 4089 la

254 4105 350 4163 dextro
370 4105 406 4162 οδ
425 4107 564 4167 orientem
582 4108 668 4166 latere
688 4111 764 4165 illias
784 4109 915 4175 oratorii,
933 4125 948 4160 e
968 4109 1079 4185 regione
1090 4106 1278 4184 praecedentis
1294 4122 1349 4161 serv
