3042 4825
268 176 378 308 ΙΙ3οά
508 204 783 273 consulamur
813 206 1181 273 νοιιειιιιιοειιιιιιι

288 357 397 443 λαβάν
417 361 568 443 κομβιλαν
589 358 607 425 δ
627 356 836 445 πρσιπόσιτος
856 358 944 446 παρά
964 360 1189 449 σιλεντιαρέοο,
1210 362 1397 449 εἰσέρχεται

289 458 348 523 κατ’
366 462 551 525 ἐπιδίδωσιν
570 456 675 543 αὐτὴν
694 460 741 546 τῷ
760 463 903 541 βασιλεῖ,
937 456 954 522 o‘
977 463 1013 525 δὲ
1033 460 1185 543 βασιλεός
1205 461 1325 527 κελεύει
1346 465 1397 549 τῷ

289 557 486 646 πραιποσέτιρ
507 560 641 643 δοθῆναι
660 557 695 624 τὸ
715 561 870 643 πέρατον,
909 558 965 624 καί
984 557 1121 639 έξελδιδν
1146 558 1230 644 μετά
1250 565 1312 627 τῶν
1332 562 1396 626 τοῦ

212 742 218 754 1
250 728 255 739 ⁴
288 660 509 739 κοοβουκλειου
526 653 682 737 ἁπάντων,
701 660 865 742 διέρχεται
880 656 934 723 διά
948 662 1010 725 τῶν
1030 663 1223 743 διαβατικῶν
1241 664 1304 725 τῶν
1319 660 1395 744 διχά-

287 780 333 819 ων
354 756 609 841 τεσσαράκοντα.
636 752 705 820 εἶτα
722 755 857 821 ἐλθόντα
875 759 911 823 ἐν
928 762 974 847 τῷ
991 759 1164 849 ἡμικυκλίῳ
1185 763 1245 825 τοῦ
1265 756 1418 847 τρικόχ-5

283 878 347 939 χοο
385 858 514 939 δέχεται
536 852 632 921 αὐτόν
652 857 753 919 ἐκεῖσε
774 850 791 919 ὃ
811 860 868 941 τῆς
888 860 1108 935 καταστάσεως
1127 858 1209 940 μετὰ
1230 864 1395 923 σιλεντια-

286 958 365 1040 ρι’ων
385 950 549 1035 ἁπάντων,
585 955 641 1018 καὶ
663 956 825 1040 διέρχεται
843 960 912 1037 μετ’
934 952 1041 1021 adada
1062 956 1078 1023 ὁ
1100 956 1313 1043 πραιπόσιτος
1335 958 1393 1021 διά

284 1078 321 1120 τε
341 1056 398 1140 τῆς
417 1054 534 1136 «idaliae
554 1052 610 1119 καλ
628 1056 685 1139 τῆς
708 1052 844 1140 δάφνης.
886 1054 1036 1121 άπελθιόν
1068 1059 1103 1122 δὲ
1131 1061 1229 1143 μέχρι
1250 1058 1308 1119 rori
1328 1055 1393 1119 od-

285 1159 460 1239 χονστέως,
496 1155 658 1240 ἐξέρχεται
678 1156 735 1229 εἷς.
751 1152 787 1219 τό
811 1153 922 1221 στενόν
943 1158 978 1222 έν
1006 1158 1046 1244 τῇ
1064 1160 1173 1243 χρυσῇ
1193 1160 1282 1241 χειρὶ
1292 1207 1303 1238 ,
1334 1153 1397 1221 καὶ

287 1252 427 1340 εὑρίσκει
447 1256 547 1318 ἐκεῖσε
578 1247 717 1328 ἑστῶτας
744 1251 821 1330 τοός
849 1252 1031 1341 κοόρσωρας
1058 1254 1141 1337 μετά
1160 1260 1225 1321 τῶν
1248 1256 1438 1325 δεκανάόνιο

260 1352 381 1419 (Ξένθεν
401 1353 536 1418 κάκεῖσε.
578 1351 765 1429 διελθόντες·
791 1355 827 1417 δὲ
855 1358 954 1436 μέσον
983 1351 1092 1420 αότιόν
1119 1357 1151 1420 οἵ
1169 1378 1204 1419 τε
1227 1357 1392 1439 δήμαρχοι

287 1455 343 1518 καί
363 1450 381 1516 ό
404 1452 593 1539 άκτσοάριος
613 1455 669 1517 καὶ
689 1450 920 1537 πλησιάσαντες
947 1457 991 1541 τῷ
1013 1453 1226 1540 πραιποσέτῳ,
1249 1476 1393 1539 προσκο-

287 1555 398 1619 νοῧσιν
418 1550 525 1641 αὐτῷ,
562 1551 618 1617 καὶ
643 1546 707 1617 εἶδ’
729 1548 830 1627 οδτως
852 1554 982 1617 δι’δωσιν
1002 1546 1111 1627 αὐτοῖς
1132 1550 1151 1615 δ
1178 1550 1391 1637 πραιπόσιτος

287 1650 326 1718 τό
348 1656 493 1738 πέρατον,
513 1647 583 1717 εἶτα
604 1651 813 1735 ὑποστρέψας
834 1646 898 1717 dard
920 1654 982 1717 τῶν
1004 1654 1122 1732 ἐκεῖσε,
1144 1648 1390 1737 δηριγεοόμενος

288 1750 351 1817 dud
373 1754 437 1816 τῶν
458 1752 706 1837 προειρημένων,
727 1751 906 1834 εἰσέρχεται
926 1754 962 1815 έν
981 1754 1025 1838 τῷ
1045 1750 1196 1839 παλαιόρ.
1240 1752 1327 1838 (Β.)
1346 1750 1437 1825 ‘015

288 1854 326 1918 δὲ
345 1848 498 1934 βασιλεός
518 1850 786 1935 περιβαλλόμενος
806 1846 841 1913 τό
866 1850 1186 1937 χροσοπεράιλειστον
1207 1850 1307 1914 celred
1328 1873 1389 1913 σα-

284 1953 353 2034 χέον
380 1948 436 2013 καὶ
462 1946 702 2032 δηριγεοόμενος
734 1943 798 2011 dud
820 1950 884 2014 τῶν
913 1948 1080 2034 άρχόντων
1108 1953 1165 2015 τοῦ
1187 1951 1389 2031 κοαβοακλεά-

285 2074 343 2130 oo,
366 2050 529 2132 διέρχεται
551 2043 605 2111 διά
627 2048 692 2109 τῶν
713 2048 907 2129 διαβατικῶν
925 2050 985 2112 τοῦ
1005 2049 1194 2134 τρικόχχου,
1216 2046 1336 2129 άψέδος
1355 2068 1389 2111 τε

284 2150 342 2211 καὶ
360 2149 416 2231 τῆς
437 2144 578 2231 δάφνης,
605 2140 716 2208 άπτων
736 2143 854 2229 κηροδς
875 2148 910 2211 ἐν
929 2156 995 2222 τοῖς
1017 2145 1188 2233 εδκτηρίοις
1198 2196 1208 2227 ,
1242 2144 1286 2222 οἷς
1306 2144 1388 2210 εἴθι-

284 2271 360 2311 σται
381 2239 480 2332 αὐτῷ.
530 2242 585 2307 aad
604 2244 740 2309 διελθών
761 2242 815 2308 διά
835 2246 892 2309 τοῦ
913 2245 1122 2329 σάγονστέως,
1143 2247 1322 2331 εἰσέρχεται
1342 2247 1433 2321 elcan

256 2345 341 2414 Βτόν
368 2339 461 2430 άχιον
482 2346 657 2431 Στέφανον,
685 2343 742 2409 καὶ
774 2338 836 2407 άπὸ
865 2347 928 2409 τῶν
948 2346 1048 2409 ἐκεῖσε
1070 2340 1236 2433 ἀνέρχεται
1256 2342 1311 2411 διά
1331 2347 1388 2409 rod

283 2448 441 2531 μυστικοῦ
467 2447 600 2528 κοχλιοῦ
620 2446 655 2509 έν
674 2447 719 2531 τῷ
739 2446 864 2510 κοιτῶνι
885 2447 944 2509 τοό
965 2442 1179 2528 καθισματος,
1213 2444 1268 2510 καὶ
1286 2447 1388 2510 ἐκεῖσε

284 2546 500 2632 παρακόπτει,
533 2546 650 2628 μέχρις
678 2539 719 2608 όν
749 2537 876 2609 ἅπαντα
906 2544 1158 2630 εότρετιισθοῖσι.
1200 2547 1255 2610 τοῦ
1277 2547 1313 2609 δὲ
1333 2545 1389 2626 τῆς

286 2644 510 2720 καταστάσεως
529 2642 680 2717 ἐλθόντος
709 2641 766 2708 καὶ
792 2643 990 2728 δηλώσαντος
1019 2647 1064 2733 τῷ
1093 2645 1307 2732 πραιποσάῳ,
1344 2640 1387 2720 οἷς

355 2791 382 2842 8.
400 2788 518 2840 ΣΧΟΛ.
537 2783 662 2850 doctor,
686 2783 732 2838 δτι
750 2785 846 2838 πάντα
870 2783 904 2838 τά
924 2785 1123 2870 ἱπποδράχια,
1142 2784 1178 2838 τά
1195 2799 1224 2838 τε
1242 2763 1325 2856 πρωῒ·
1337 2788 1387 2837 καλ

356 2855 450 2924 δείλης
459 2858 558 2926 [δήλης
575 2857 633 2909 cod.
645 2857 741 2926 eled]
759 2859 911 2928 γινόμενα,
925 2862 1029 2911 τοῦτον
1045 2875 1097 2911 τον
1108 2857 1203 2913 τύπον
1215 2860 1263 2908 καὶ
1280 2854 1387 2922 ταύτην

359 2931 462 2998 ἔχουσι
479 2921 534 2995 τὴν
550 2927 640 2991 τάξιν.
733 2947 772 2982 ιι.
795 2930 824 2980 ol
849 2927 880 2982 δὲ
900 2929 966 3001 δάμ.
987 2927 1029 2980 ed.

290 3040 377 3095 intrat
396 3056 513 3110 eamque
531 3039 694 3109 Imperatori
713 3038 817 3102 tradit,
842 3041 890 3110 qui
909 3038 1096 3110 priepositum
1115 3045 1239 3108 paratum
1257 3038 1322 3090 dare
1341 3038 1387 3090 iu-

289 3113 353 3175 bet,
373 3113 451 3184 isque
470 3129 531 3162 cum
549 3111 677 3162 omnihus
697 3110 873 3162 cubiculariis
890 3111 999 3174 abiens,
1025 3127 1075 3180 per
1093 3111 1213 3179 porticus
1232 3118 1389 3161 sanctorum

292 3181 472 3255 quadraginta
497 3181 679 3250 progreditur.
715 3183 747 3231 ln
772 3182 951 3248 hemicyclum
976 3180 1111 3232 triconchi
1137 3183 1292 3232 venientem
1318 3181 1390 3231 ceri-

289 3255 441 3306 moniarius
469 3270 529 3303 cum
556 3252 683 3303 omnibus
707 3253 867 3304 silentiariis
893 3254 1013 3322 excipit,
1041 3251 1084 3303 bis
1103 3251 1312 3311 comitantibus,
1339 3267 1390 3319 per

289 3324 413 3392 apsidem
432 3331 461 3375 et
486 3321 621 3390 daphnem
645 3325 753 3380 transit.
789 3324 933 3394 Postquam
957 3338 1020 3374 vero
1045 3323 1081 3375 ad
1105 3331 1265 3392 arrgusseum
1289 3337 1388 3390 perro-

289 3399 350 3459 uit,
378 3395 413 3447 ad
434 3395 586 3447 triclinium
605 3397 634 3445 in
659 3409 740 3445 aurea
759 3410 840 3444 mauu
867 3397 970 3462 pergit,
1000 3393 1095 3464 ibique
1114 3411 1235 3446 cursores
1254 3409 1316 3444 cum
1336 3391 1390 3444 de-

289 3468 364 3519 cantu
383 3466 440 3517 suis
458 3465 590 3534 utrinque
613 3467 777 3516 constitutos
796 3466 913 3523 invenit.
950 3466 999 3516 Per
1023 3465 1144 3518 medium
1164 3465 1261 3516 horum
1281 3463 1389 3516 tribuni

290 3545 319 3588 ct
340 3538 476 3590 actuarius
495 3536 627 3604 ingressi,
654 3535 688 3587 nd
707 3537 892 3604 praepositum
910 3534 1059 3596 accedunt,
1086 3545 1113 3586 et
1133 3551 1219 3602 prono
1237 3535 1267 3584 iu
1287 3542 1387 3586 terram

288 3624 404 3679 corpore
423 3623 485 3659 cum
505 3607 641 3668 salutant,
660 3623 714 3676 quo
733 3608 823 3670 facto,
843 3609 882 3659 eis
901 3614 1025 3676 puratum
1044 3605 1108 3668 dat,
1134 3613 1162 3656 et
1179 3605 1213 3656 ab
1233 3603 1276 3655 his
1295 3619 1388 3656 rever-

289 3696 356 3743 sus,
381 3681 410 3730 in
434 3678 569 3729 dictorum
597 3678 725 3729 comitatu
745 3679 877 3746 palatium
902 3681 994 3730 intrat.
1032 3677 1106 3746 (ll.)
1123 3678 1274 3746 imperator
1292 3691 1387 3746 sapum

224 3754 229 3763 ’
289 3766 369 3804 suum
388 3767 455 3803 auro
474 3756 648 3817 praetextum
674 3758 781 3870 posterus
800 3759 828 3801 et
846 3767 861 3800 a
880 3749 1008 3801 eubiculo
1027 3749 1173 3818 praelectis
1192 3749 1316 3815 stipatus,
1336 3762 1386 3815 per

288 3823 427 3892 porticum
445 3820 594 3881 tricoucbi,
613 3821 671 3887 apsi
695 3822 716 3871 is
735 3829 764 3871 ct
781 3819 902 3889 daphnes
921 3821 1036 3881 transit,
1054 3820 1173 3870 accensis
1192 3837 1240 3886 pro
1260 3834 1335 3869 more
1355 3817 1385 3867 lu

288 3893 415 3945 oratoriis
435 3891 529 3944 cereis.
565 3891 708 3960 Digressus
724 3907 789 3944 vcro
818 3908 866 3960 per
883 3901 1059 3960 augusteum,
1079 3889 1113 3940 ad
1133 3889 1158 3940 S.
1178 3885 1308 3956 Stephani
1321 3905 1386 3957 pro-

289 3963 382 4026 cedit,
411 3963 477 4014 inde
496 3979 545 4030 per
570 3971 702 4014 secretum
726 3961 864 4014 cochleam
883 3961 917 4014 ad
937 3961 1092 4013 cubiculum
1114 3958 1207 4011 throni
1226 3958 1384 4020 adscendit,

287 4033 382 4098 unde,
399 4049 488 4104 osque
507 4030 571 4083 dum
590 4034 682 4085 omnia
699 4043 792 4102 parata
811 4041 893 4096 suut,
912 4033 1053 4102 prospicit.
1082 4031 1299 4084 Ceriruoniarius
1316 4029 1386 4088 abit,

289 4113 318 4158 et
335 4107 492 4176 praeposito
510 4105 639 4166 nuntiat,
664 4121 727 4162 vasa
745 4105 838 4157 omnia
855 4099 964 4175 promta
982 4121 1058 4168 esso,
1086 4103 1332 4172 aurigassgreasos
1350 4099 1386 4150 ad
