3042 4825
280 220 366 307 360
497 247 768 316 consummar
798 250 1164 322 romnmoonnn

279 399 425 484 ἱππικὸν,
454 401 537 467 ἀλλὰ
557 394 716 487 ’λαμβάνει
736 406 777 493 τῇ
797 402 858 493 πρῦ
897 409 976 489 μιῦς
997 408 1122 496 ἡμέρας
1152 408 1212 473 τοῦ
1230 400 1377 489 ’βοτοῦῦ

279 500 595 589 πραιπόσιτοςπαροὶ
618 506 675 595 τοῦ
695 506 852 586 βασιλέως
876 498 1058 593 οἷπόκρισιν,
1091 506 1146 572 κατ’
1168 504 1279 573 dr'doros
1304 503 1377 569 διά-

279 604 370 678 ταξιν
392 602 436 687 τῷ
456 602 512 685 τῆς
532 602 766 686 καταστάσεως,
784 598 866 669 dora
889 606 930 691 τῇ
948 601 1019 691 ἑξῆς
1040 600 1189 692 ἄγεσθαι.
1208 609 1263 671 καί
1282 600 1376 670 ἕσπέ-

279 724 340 787 ρας
372 693 459 786 ῦραν
487 693 562 785 εῦῆ
597 700 616 765 ι’
642 696 682 766 τῦ
711 705 795 787 μέρη
823 706 966 769 Βενέτων
988 704 1044 770 καί
1076 708 1253 793 Πρασίνων
1280 703 1376 789 οἷνέρ-

277 822 390 885 χονται
416 800 463 877 εἰς
490 798 566 879 τοῦς
596 800 718 886 δήμους
747 803 872 868 αὐτῶν·
916 800 945 867 οἱ
974 806 1009 871 δὲ
1037 803 1197 891 δήμαρχοι
1226 804 1393 875 ΐστανταις

279 898 383 981 κάτω,
409 902 549 984 λέγοντες
564 900 725 968 σκαπτικὰ
752 899 833 987 πρὸς
854 903 1028 990 ἀλλήλους,
1055 906 1110 970 καὶ
1133 899 1194 969 ὅσα
1217 904 1267 969 δεῖ
1285 903 1374 967 tarr·

279 1005 345 1064 λεῖν
359 1002 399 1089 τῇ
421 993 540 1090 &quipp
561 999 674 1089 ἕκεινῃ,
700 1000 946 1081 οἷπολακτίζοασι
969 1004 1004 1069 δὲ
1027 1002 1056 1069 οἱ
1080 1007 1218 1089 δρομεῖς,
1239 1002 1295 1065 κατ’
1319 1023 1377 1063 κα-

134 1102 409 1187 λίιιλὸπθέζεται
429 1095 446 1163 ὅ
469 1094 613 1187 ῦπαρχος
630 1104 676 1178 εἰς
694 1100 735 1165 τὰ
758 1112 884 1188 σημεῖα,
908 1104 1039 1169 ε’κτελοῦν
1058 1100 1172 1184 πάντα,
1196 1099 1219 1165 ἃ
1242 1102 1295 1165 δεῖ
1315 1098 1377 1163 αῦ-

246 1197 337 1272 υτόν
361 1200 515 1265 ἐκτελεῖν.
555 1202 595 1289 τῇ
622 1202 658 1265 δὲ
682 1196 753 1287 ἑξῆς
782 1204 994 1287 προέρχονται
1021 1198 1157 1278 ἅπαντες
1179 1200 1319 1283 ἐννύχιοι
1341 1198 1377 1263 ἐν
1518 1274 1519 1281 ¹

277 1298 322 1385 τῷ
336 1295 508 1386 ἥμικνκλιλρ
521 1301 578 1383 τῆς
598 1299 726 1383 (ἔφαλος,
748 1304 918 1388 φοροῦντες
939 1299 969 1367 οἱ
992 1293 1143 1388 ἄρχοντες
1159 1300 1217 1365 τοῦ
1238 1302 1418 1380 noallac-ro
1518 1286 1519 1291 ἵ

279 1398 385 1462 κλείον
402 1398 554 1481 gravatae
579 1399 699 1487 τῦρεα,
730 1400 762 1466 οἱ
789 1404 825 1467 δὲ
845 1403 1005 1487 πατρίκιοι
1024 1400 1080 1465 καί
1098 1400 1114 1465 d
1140 1404 1196 1483 τῆς
1216 1393 1377 1463 καταστά-

279 1520 361 1573 στας
380 1496 473 1585 καὶῆ
496 1499 667 1585 σύγκλητος
687 1503 824 1587 φοροῦσι
841 1502 995 1583 χλανίδια
1017 1495 1229 1584 α’τραβατικιὶ,
1260 1494 1317 1559 καί
1337 1488 1377 1559 οἷ-

279 1593 440 1674 νοῦξαντος
459 1601 518 1662 τοῦ
534 1598 702 1682 παλατίοο,
722 1602 930 1687 εἰσέρχονται,
952 1597 1008 1665 καί
1022 1597 1168 1665 ἵστανται
1186 1598 1316 1669 ἕκαστος
1331 1593 1378 1669 εἰς

279 1692 339 1781 τὴν
358 1699 445 1763 ἰδιλιν
464 1698 564 1782 τάξιν,
585 1694 629 1773 ῦς
649 1700 683 1763 ἐν
703 1699 805 1789 ἡμέρᾳ
821 1696 959 1780 ἱππικοῦ,
976 1698 1084 1773 καθώς
1099 1698 1301 1783 προείρηται.
1321 1691 1380 1755 καὶ

281 1795 521 1881 δηριγενόμενος
541 1796 558 1862 ὅ
580 1796 732 1882 βασιλεῦς
750 1798 803 1863 ὑπ’
825 1798 939 1880 αῦτῦν,
962 1799 1124 1883 διέρχεται
1145 1792 1200 1861 διὰ
1220 1790 1423 1879 theridi-15

283 1896 339 1971 ῦος
359 1897 415 1959 καί
436 1897 496 1959 τοῦ
516 1896 717 1980 αῦγοοστέοος
737 1900 793 1962 καί
818 1899 874 1963 τοῦ
896 1900 1051 1981 μυστικοῦ
1070 1896 1215 1977 κοχλιοῦ,
1253 1888 1309 1956 καί
1336 1890 1377 1952 οἶ-

283 1996 428 2079 νέρχεται
448 1996 482 2059 ἓν
501 1997 547 2082 τῷ
565 1994 742 2079 καθισματι
762 1996 809 2071 εἰς
828 1992 862 2059 cd
884 1996 1039 2079 κλοῦβιον,
1061 1992 1118 2057 καὶ
1137 1990 1154 2057 o‘
1170 1986 1379 2076 σιλεντιιὲριος

138 2092 473 2176 εαωιοκατέρχεται
491 2090 573 2175 μετὰ
594 2096 650 2180 τῆς
669 2096 840 2177 κνλίοτρας
860 2093 905 2169 εἰς
924 2091 961 2157 τὸ
982 2092 1107 2175 στῦμα,
1144 2089 1201 2157 καὶ
1227 2093 1289 2155 coir
1317 2090 1377 2153 dria

135 2180 143 2192 ⁶
282 2193 388 2277 μερῶν
409 2192 509 2256 ἐκεῖσε
527 2188 688 2273 ἑστώτων,
716 2194 818 2255 κυλιἐι
839 2189 858 2255 ὅ
879 2188 1086 2279 σιλεντιάριος
1107 2193 1142 2257 ἐκ
1161 2189 1205 2274 y',
1235 2190 1291 2253 καί
1311 2182 1379 2255 οἷον

283 2286 324 2355 ἂν
342 2292 440 2375 μέρος
459 2293 611 2379 παραβῇ,
641 2285 702 2356 εἶθ’
725 2285 825 2367 οῦτως
845 2293 974 2367 ἕκαστος
994 2291 1102 2356 αῦτοῦν
1123 2288 1159 2355 τὸ
1182 2286 1264 2355 ἴδιον
1282 2290 1422 2374 μέροςῃο

283 2382 470 2477 εῦτρεπίζει,
492 2386 523 2455 οἱ
540 2391 601 2473 μὲν
619 2388 833 2479 προοτὸῦυρον,
856 2387 886 2455 οἱ
908 2392 944 2456 δὲ
963 2386 998 2457 τὸ
1019 2393 1157 2457 δέκατον.
1186 2388 1203 2457 ὃ
1226 2390 1261 2456 δὲ
1281 2393 1378 2473 βασι-

283 2486 359 2567 λεῦς
376 2495 601 2574 προσκαλεῖται
621 2491 668 2566 εἰς
687 2487 722 2554 τὸ
742 2491 888 2573 κλοῦβιον
908 2492 1092 2577 πατρικίους
1109 2488 1167 2554 καί
1183 2486 1379 2574 στρατηγοὺς

283 2591 339 2654 καί
359 2585 434 2667 τοῦς
453 2592 514 2654 τοῦ
532 2589 752 2674 κοοβονκλεὼο
773 2583 1007 2676 ἄρχονταςκαὶ
1031 2589 1106 2667 τούς
1126 2585 1167 2654 τά
1188 2590 1300 2674 πρῶτα
1315 2585 1378 2673 o‘p-

285 2689 378 2779 pr'xso
398 2693 607 2774 κατέχοντας,
639 2691 697 2756 aad
722 2692 853 2757 δίδωσιν
873 2684 983 2768 αῦτοῐς
1011 2690 1190 2778 σφραγῖδας
1216 2689 1380 2770 διανεῖμαι

334 2812 348 2852 ι

286 2939 334 2994 die
353 2941 410 2994 diri
427 2948 555 2997 sotorum
574 2945 749 3016 praepositus
767 2961 930 3016 responsum
949 2944 985 2996 ab
1009 2944 1178 3016 Imperatore
1207 2940 1325 3011 accipit,
1352 2947 1382 2996 et

286 3013 418 3081 magistro
437 3015 648 3068 cerimoniarum
667 3016 820 3086 praecipit,
845 3017 974 3086 sequenti
993 3013 1039 3067 die
1059 3021 1154 3066 votum
1179 3012 1314 3065 celebrari
1331 3010 1381 3064 de-

286 3080 362 3137 bere.
407 3083 522 3153 Vesperi
546 3085 613 3138 hora
633 3089 670 3140 lx
696 3097 746 3142 aut
770 3087 978 3140 XVenetorurn
997 3101 1028 3138 ac
1043 3085 1216 3138 Prasinorum
1234 3097 1327 3152 greges
1345 3083 1383 3136 ad

287 3168 350 3204 suas
369 3154 502 3206 sactiones
522 3155 680 3209 discedunts
701 3155 840 3208 demarchi
859 3172 923 3208 vero
943 3155 1015 3208 inira
1036 3163 1125 3218 stant,
1153 3155 1319 3206 seinvicem
1336 3171 1384 3204 ca·

286 3222 426 3288 viliantes,
446 3223 536 3296 deque
553 3226 653 3278 ritibus
673 3243 705 3289 ea
725 3244 838 3296 vespera
857 3225 1035 3280 observandis
1053 3225 1259 3296 colloquentes:
1288 3239 1384 3275 curso-

288 3309 333 3346 res
350 3303 531 3363 procurrunt,
550 3304 579 3347 et
599 3298 754 3367 praefectus
772 3296 808 3348 ad
826 3298 902 3368 signa
920 3296 1017 3358 sedet,
1036 3297 1145 3359 omnia,
1170 3309 1242 3366 quae
1260 3294 1384 3362 partium

288 3363 377 3434 ipsius
396 3371 477 3427 sunt,
495 3374 664 3434 peracturus.
700 3369 835 3439 Sequenti
854 3368 900 3420 die
919 3383 1014 3418 omnes
1034 3374 1117 3417 noctu
1136 3365 1172 3416 ad
1197 3363 1383 3432 hemicyclum

288 3433 393 3504 apsidis
412 3435 584 3505 procedunt,
602 3437 735 3507 praelecti
754 3437 882 3490 cubiculo
908 3438 1009 3489 tunicis
1028 3437 1134 3506 Tyriis,
1158 3434 1285 3504 patricii,
1311 3435 1383 3486 ceri-

288 3505 443 3557 moniarius
466 3513 495 3558 et
524 3514 636 3558 senatus
663 3507 838 3575 atrebaticis3
872 3515 1024 3578 apertoque
1049 3505 1154 3576 palatio
1182 3505 1288 3556 intrant
1307 3512 1335 3555 et
1351 3505 1384 3556 in

289 3591 340 3627 auo
357 3576 472 3639 ordine,
490 3577 568 3628 utin
586 3575 631 3630 die
649 3577 820 3630 decursionis
839 3579 993 3650 equestris,
1019 3593 1102 3649 quem
1127 3591 1209 3645 supra
1235 3575 1385 3644 descripsi-

289 3661 369 3710 mus,
387 3647 488 3716 singuli
510 3646 629 3708 adstant,
664 3648 707 3702 ab
725 3647 769 3700 his
787 3649 904 3718 stipatus
923 3649 1076 3718 Imperator
1095 3661 1145 3717 per
1166 3643 1308 3715 apsidem,
1332 3661 1385 3696 au·

290 3725 416 3785 gartenm
442 3724 471 3768 ct
494 3715 634 3770 cochleam
664 3727 795 3772 secretam
820 3721 975 3788 digressus,
1004 3718 1039 3771 ad
1063 3717 1193 3769 thronum
1218 3717 1248 3766 in
1270 3714 1385 3767 clathris

291 3789 472 3839 constitutum
489 3789 633 3856 procedit,
652 3789 821 3842 silentiarius
840 3807 901 3842 cunr
928 3805 997 3842 urna
1023 3787 1058 3840 ad
1083 3789 1229 3840 stationem
1252 3783 1331 3852 abit,
1355 3791 1387 3838 et

289 3857 320 3910 in
341 3867 488 3928 conspectu
506 3859 623 3912 duarum
643 3859 795 3914 factionum
814 3859 1042 3913 itinerantium
1067 3876 1127 3912 eam
1153 3865 1196 3909 ter
1213 3863 1321 3920 moret,
1339 3863 1388 3919 et,

292 3945 476 4013 quaecunque
495 3929 579 3981 factio
599 3931 717 3994 exierit,
735 3933 827 3986 statim
848 3931 950 4002 singuli
969 3947 1077 4000 gregem
1096 3946 1175 3982 suum
1195 3927 1334 3990 ordinant,
1353 3925 1387 3978 hl

290 4016 423 4121 primam,
445 4001 488 4050 illi
508 3999 642 4053 decimam
659 4003 779 4054 ianuam.
821 4006 972 4071 Imperator
986 4001 1136 4122 patricios,
1162 4007 1314 4068 strategos,
1337 4015 1387 4050 cra-

314 4071 387 4120 icsrlo
407 4071 561 4141 praefectos
581 4079 610 4123 et
628 4073 768 4143 principes
788 4073 950 4125 officialium
967 4088 983 4123 a
1023 4070 1128 4124 clathra
1145 4077 1242 4131 vocat,
1261 4069 1387 4138 ipsisque

292 4146 429 4208 tesseras,
448 4141 638 4215 pauperihus,
657 4152 689 4197 ut
705 4159 781 4200 rnorc
807 4145 922 4216 antiquo
941 4144 971 4196 in
997 4143 1122 4202 triclinio,
1141 4137 1322 4196 novendecim
1340 4155 1388 4192 ac-
