3042 4825
300 185 356 249 nn
383 180 581 250 cnuruon.
615 178 751 289 lurra
781 180 951 251 autur.
976 186 1003 249 r.
1023 184 1076 261 ευ.
1157 156 1245 271 399
1346 164 1349 171 ’

143 358 198 403 ται
225 334 272 411 είς
298 332 335 402 τό
364 339 537 423 Νησίβιος,
578 336 634 403 κατ’
659 333 835 417 ᾰσπόζεται
861 334 976 419 αότόν,
1007 338 1065 402 καί
1089 336 1147 403 icio
1175 334 1245 422 ἔχει

143 430 319 519 γράμματα
339 438 396 510 τοῦ
424 441 598 520 βασιλέως,
628 435 838 502 ἄποδιθωσιν·
881 436 934 523 (εἰ
953 436 989 499 δὲ
1009 432 1074 520 μή,
1102 438 1160 500 τοῦ
1179 462 1245 519 μα-

143 536 298 623 γίστρου)
336 538 555 621 προτρέποντα
584 535 698 602 αότόν.
739 533 817 612 ἴσως
848 538 884 599 δὲ
916 528 992 600 οὐδὲ
1022 534 1042 599 ό
1069 531 1245 622 μόγιστρος

143 630 283 721 γράφει,
304 628 373 699 ἀλλ’
394 637 430 700 εἰι
449 636 621 717 μανόότοον
640 633 776 719 μόνσνῆ
799 633 956 721 προτροπὴ
984 632 1124 717 γίνεται,
1142 636 1192 721 ἐφ’
1214 626 1245 723 ql

121 732 247 802 5αότόν
273 737 379 800 ε’λθείν
396 733 481 816 μετοὶ
506 730 667 816 εόθυμίας
687 734 743 800 καί
772 736 965 819 θεραπείας·
987 730 1064 798 ’καὶ
1082 735 1245 817 ἐξέρχεται

140 830 204 899 σόν
225 828 321 923 αότρῖ.
362 836 468 899 δεῖδὲ
486 833 560 917 τομς
581 810 741 920 ἔρχονταί
761 834 819 899 τοῦ
837 830 952 918 Δόρας
979 832 1161 917 α’παντῇσαι
1182 833 1244 896 αό-

140 934 187 1022 τῷ
204 931 289 1016 μετὰ
321 936 386 999 τῶν
414 936 617 1020 στρατιωτῶν
643 936 680 1000 ἐν
706 942 773 1009 τοῖς
800 934 971 1017 μεθορίοις
1000 931 1057 998 καί
1085 936 1271 1011 δέξασθαιο

138 1030 196 1099 τόν
223 1030 423 1119 πρεσβευτήν
451 1032 508 1099 καί
546 1031 624 1110 τοός
653 1027 845 1120 ἀνθρώπους
887 1027 998 1098 αότσό.
1041 1034 1098 1098 καί
1124 1034 1155 1097 εἰ
1181 1034 1242 1115 μέν

139 1132 227 1216 ἐστίν
253 1155 287 1198 τι
315 1130 446 1220 ὄφελλον
483 1135 665 1219 λαληθῆναι
701 1134 737 1199 όν
763 1139 829 1209 τοῖς
863 1130 1045 1218 μεθορίοις,
1080 1137 1240 1219 λαλείται,

101 1234 198 1298 sorori
217 1224 372 1318 ἄρχοντος
391 1234 453 1297 τοῦ
473 1236 629 1317 Νησίβιυς
654 1236 756 1317 μέχρι
786 1232 851 1298 ταῖν
875 1233 1037 1317 μεθορίων
1056 1230 1138 1313 μετὰ
1159 1231 1241 1316 πλή-

136 1336 221 1409 θους
255 1335 396 1417 Περσῶν
426 1334 661 1417 συνερχομένου
689 1327 801 1397 niceri.
841 1330 874 1395 εἰ
902 1330 938 1393 δὲ
965 1328 1010 1417 με)
1042 1334 1189 1397 λαλεῖτοιί
1206 1328 1244 1396 τί

136 1452 234 1511 ποτε,
254 1432 312 1494 καί
333 1425 435 1505 οὕτως
455 1431 509 1493 del
524 1426 651 1507 πόντιος
671 1433 839 1495 συνελθεῖν
857 1426 957 1495 αὐτὸν
976 1427 1058 1510 μετὰ
1084 1427 1239 1522 πλήθους,

136 1525 195 1592 aas*
213 1531 278 1594 ταῖν
293 1528 460 1617 Taenariae
480 1525 577 1596 αότόν
603 1528 920 1615 παραλαμβανόντων
948 1526 1007 1593 καί
1032 1525 1109 1605 τοός
1130 1526 1240 1595 συνόν-

135 1651 194 1706 τας
215 1628 325 1717 eusci,
360 1631 414 1692 δεῖ
427 1628 505 1705 τοός
532 1627 663 1705 λοιποός
684 1626 855 1709 ἀπομεῖται
873 1629 937 1692 τοῖν
956 1631 1096 1713 Περσῶν
1116 1628 1151 1694 ἒν
1169 1639 1238 1707 τοῖς
1279 1622 1286 1641 ’

95 1720 314 1812 15Περσιιιοῖς
333 1722 463 1809 τόποις,
494 1725 550 1793 καί
569 1724 670 1792 αότόν
687 1724 787 1809 μόνον
805 1723 886 1810 μετὰ
904 1728 967 1793 τεόν
985 1723 1143 1791 συνόντων
1166 1729 1233 1795 εἷσ-

135 1830 246 1890 ελθεῖν
265 1829 312 1905 εἰς
341 1824 377 1890 τό
408 1825 522 1913 Δόρας
551 1829 608 1891 καί
636 1829 892 1911 θεραπευθῆναι.
930 1822 1082 1913 προσήκει
1104 1829 1140 1892 ol
1160 1824 1236 1903 τεός

135 1916 293 2008 ἄρχοντας
312 1929 371 1989 τοῦ
389 1921 503 2010 Δόρας
535 1923 654 2008 πολλὴν
686 1927 865 2011 α’γρυπνιλιν
885 1926 943 1990 καί
961 1924 1115 2009 πρόνοιαν
1133 1933 1269 1989 ποιεί-1)

135 2029 232 2105 σθαι,
261 2020 345 2089 ὥστε
372 2022 418 2109 μή
446 2019 606 2110 προφάσει
632 2024 691 2088 τοῦ
716 2024 918 2107 πρεσβευτοῦ
945 2028 1068 2109 πλῆθος
1097 2027 1236 2108 Περσῶν

136 2128 366 2205 συνεισελθεῖν,
387 2120 467 2189 κατὰ
487 2124 584 2209 μέρος
603 2125 877 2208 ἐπακολουθῆσαι,
899 2124 956 2187 καί
973 2121 1056 2214 όόλιρ
1077 2128 1235 2217 κρατῆσαι

91 2221 194 2310 weris
213 2220 314 2289 πόλιν.
355 2215 437 2288 ἄλλα
458 2220 571 2288 τούτου
592 2224 652 2288 τοῦ
672 2221 791 2307 μέρους
812 2218 930 2308 πολλὴν
949 2222 1100 2311 πρόνοιαν
1121 2220 1151 2288 oi
1172 2216 1233 2312 ὅρ-

137 2458 247 2513 ennqoe
270 2440 320 2496 ille
343 2439 465 2498 voluerit
489 2449 519 2495 et
543 2440 697 2513 delegerit,
724 2443 755 2494 in
777 2439 910 2496 honorem
934 2442 987 2498 riri
1010 2443 1183 2497 advenientis
1202 2443 1232 2495 in

135 2514 256 2565 confinia
275 2507 364 2576 mitti,
389 2516 438 2585 qul
456 2528 520 2567 eum
537 2514 578 2565 lbi
598 2515 731 2583 excipiat,
752 2515 783 2565 in
797 2515 998 2585 protectionem
1019 2531 1096 2566 suam
1116 2513 1233 2582 recipiat

134 2584 212 2636 etad
226 2583 327 2636 Urbem
345 2593 488 2653 augustum
505 2586 636 2654 sospitem
655 2583 795 2653 perducat„
833 2585 884 2636 Hic
903 2587 998 2655 itique
1020 2586 1051 2636 iu
1069 2600 1132 2636 eum
1149 2585 1233 2634 finem

134 2656 234 2706 missus
248 2656 432 2724 proficiscitur
454 2655 626 2720 Nisibinam,
653 2655 703 2705 ubi
719 2657 840 2723 legatum
861 2657 957 2708 invisit
974 2663 1003 2706 et
1017 2655 1132 2718 salutat,
1153 2655 1231 2705 litte-

106 2739 112 2746 ·
134 2741 236 2795 rasqne
256 2726 432 2793 Imperatoris
450 2726 485 2776 ad
507 2742 587 2789 eum,
613 2727 637 2776 si
654 2741 723 2796 quas
739 2726 795 2776 sibi
807 2724 915 2777 additas
940 2724 1039 2788 hebet,
1057 2725 1117 2794 ipsi⁸
1130 2723 1230 2792 tradit3

133 2804 200 2858 ant,
229 2795 254 2845 si
275 2811 332 2846 non
358 2797 551 2865 Imperatoris,
578 2797 701 2864 magistri
724 2799 833 2863 τελείαις
864 2795 966 2866 quibus
994 2796 1147 2848 arcessitur.
1183 2796 1231 2847 ln·

131 2866 243 2918 terdum
261 2881 297 2916 ne
311 2867 370 2935 ipse
382 2867 495 2936 quidem
510 2868 639 2936 magister
655 2866 761 2918 litteras
777 2868 866 2937 legato
880 2868 981 2931 mittit,
995 2867 1043 2918 sed
1055 2866 1137 2918 nudis
1149 2881 1231 2916 man-

134 2937 208 2998 datis
231 2944 260 2988 et
288 2936 535 3005 significationibus
558 2938 681 2988 oralibus
703 2937 846 3003 inritatur,
867 2945 899 2990 ut
917 2955 978 2988 enm
995 2938 1111 3001 fiducia,
1132 2935 1231 2988 hilari-

132 3014 194 3062 tate
212 3014 241 3057 et
257 3021 305 3074 per
329 3007 418 3058 otium
442 3009 472 3059 in
492 3008 591 3060 Urbem
614 3007 716 3058 veniat
751 3009 853 3060 Missus
880 3008 976 3078 itaque
996 3016 1089 3060 notter
1107 3023 1168 3058 curn
1187 3008 1229 3058 le-

133 3085 199 3146 gato
223 3077 331 3130 Persice
357 3078 485 3130 Niriblna
510 3095 632 3148 egressus
659 3079 714 3129 iter
739 3085 769 3130 et
792 3077 986 3130 deductionem
1012 3079 1072 3130 eius
1098 3079 1229 3130 instituit.
1331 3135 1337 3140 ,

133 3149 239 3216 Legato
258 3147 301 3197 illi
327 3145 468 3201 decurrere
486 3150 516 3200 in
536 3148 661 3201 confiniis
686 3146 791 3199 debent
809 3150 940 3219 praefecti
960 3153 1049 3202 Darae
1074 3167 1134 3200 eum
1153 3149 1230 3202 mili·

135 3218 214 3269 tibus
233 3217 288 3268 suis
301 3219 507 3286 praesidiariis,
526 3221 673 3290 ipsumque
691 3217 917 3292 famulitiumque
937 3222 996 3272 eius
1016 3219 1149 3289 excipere.
1186 3220 1230 3281 Et,

134 3289 160 3338 si
181 3286 251 3360 quid
267 3305 336 3356 opus
355 3298 398 3342 est
416 3291 447 3341 in
475 3293 601 3343 confiniis
620 3290 727 3341 moneri
747 3297 831 3360 atque
850 3291 1012 3342 condiciab
1033 3308 1088 3343 una
1108 3293 1229 3344 alterave

133 3367 230 3428 parte,
249 3357 279 3409 id
297 3361 469 3429 transigitur,
495 3362 634 3430 praelecto
653 3360 798 3414 Nisibinae
817 3378 877 3412 enm
895 3377 1010 3414 numero
1028 3363 1170 3416 Persarum
1188 3358 1228 3412 aa

134 3430 255 3482 confinia
286 3445 373 3500 usque
397 3433 517 3500 legatum
542 3434 697 3484 eomitante.
735 3431 764 3483 si
789 3447 853 3483 vero
878 3431 951 3484 nihil
972 3433 1028 3484 tnle
1059 3433 1227 3485 monendum

134 3507 271 3570 suppetet,
290 3508 401 3569 oportet
416 3503 597 3554 nihilominus
608 3499 876 3570 tarnenpraeieetum
884 3503 1097 3555 Nisibinseeurn
1114 3503 1228 3559 cohorte

135 3585 248 3621 snorum
272 3586 336 3621 eum
361 3572 502 3637 comitari,
527 3574 711 3646 Romanisque
733 3573 853 3642 legatum
883 3580 912 3626 et
936 3577 995 3627 eius
1022 3577 1135 3627 comites
1155 3577 1231 3630 enci.

133 3640 293 3711 pientihus‚
321 3649 395 3692 retro
414 3643 444 3694 in
467 3645 535 3696 loeis
563 3644 678 3696 ditionis
698 3643 825 3698 Persicae
844 3661 905 3697 cunr
929 3644 1012 3712 globo
1031 3663 1081 3697 suo
1100 3661 1227 3712 manere,

134 3711 282 3782 solumque
305 3711 426 3780 legatum
445 3731 507 3766 cnm
525 3716 656 3768 comitatu
675 3731 725 3768 suo
745 3714 775 3764 in
804 3715 900 3768 urbem
920 3717 1006 3768 Daras
1034 3716 1141 3785 ingredi
1164 3727 1224 3770 eta

134 3783 237 3832 nostris
258 3780 300 3832 ibi
319 3782 432 3851 dignum
450 3787 554 3838 enltum
580 3788 712 3856 accipere.
751 3783 840 3838 Darae
858 3786 990 3857 praelecti
1009 3787 1082 3839 inter
1100 3788 1168 3840 haee
1186 3791 1231 3842 vi-

135 3851 184 3924 gili
203 3867 267 3903 eura
286 3854 507 3924 circumspiciant
527 3866 713 3941 caveantque,
737 3873 773 3909 ne
792 3857 844 3909 sub
869 3866 1014 3927 praetextu
1033 3859 1116 3928 legati
1135 3861 1232 3911 multi-

133 3923 203 3973 tudo
223 3925 364 3977 Persarum
389 3927 471 3978 simul
489 3928 519 3978 in
538 3927 634 3979 urbem
652 3935 756 3992 intret,
775 3935 829 3980 ‘ant
846 3945 896 3999 per
914 3936 1006 3996 partes
1029 3929 1228 4000 subsequatur,

135 4000 164 4042 et
186 3995 226 4044 sie
249 3994 319 4046 nrbe
341 3997 492 4066 potiantur.
529 3999 610 4050 Hune
631 4000 726 4070 itaque
753 3999 845 4052 locum
877 3997 1025 4068 diligenter
1053 3999 1230 4070 solliciteque

134 4065 311 4119 meminerint
328 4067 477 4138 praelecti,
495 4069 697 4143 observentqm
714 4071 808 4125 Persas
826 4077 933 4123 attento
951 4073 1047 4133 oculo,
1072 4069 1121 4123 sed
1150 4069 1231 4124 dissi-
