3042 4825
343 224 399 293 nt
425 220 624 291 mmor.
651 220 790 287 aunan
817 214 991 286 simut.
1014 223 1043 284 ι.
1063 220 1115 294 ³5.
1192 186 1272 275 185

179 382 239 447 θεν
262 380 427 465 διέρχεται
456 375 511 443 διδ
537 380 601 441 τοιῖ
620 371 799 460 τρικλίνου,
839 371 875 437 έν
895 360 922 461 ᾧ
942 372 1124 455 κραμοτίζει
1145 364 1276 453 itiam-

180 476 257 553 λείας
275 479 312 543 έν
333 484 404 555 ταῖς
423 473 575 561 μεγάλαις
597 469 813 559 προελεύσεσι,
833 472 889 535 καί
907 472 1085 554 εἰσέρχεται
1105 472 1139 535 έν
1155 472 1199 557 τῷ
1213 495 1276 553 μη

180 576 352 664 sarmata,
386 574 442 640 καί
472 570 654 649 ἀπαλλάξας
686 569 743 654 τὴν
770 565 900 654 στυλην,
933 564 971 653 ἣν
992 576 1089 654 φορεῖ
1104 572 1161 632 τοῦ
1181 566 1274 650 ἁγίου

182 674 347 757 σαββάτου
358 724 368 755 ,
402 670 597 737 institiones
618 666 677 752 τὴν
697 669 755 731 τοῦ
775 662 1004 749 εὖαγγελισμοῦ
1025 663 1150 749 στολήν.
1190 667 1406 759 §isi-m„

159 772 254 850 ξθών
287 773 322 837 δέ
351 765 413 835 ιἰπό
442 773 505 836 τῶν
525 770 624 833 ἐκεῖσε
653 761 863 851 ἧλλαγμένυς,
895 764 1073 850 ἀπέρχεται
1097 760 1277 848 ἔμπροσθεν

181 874 247 935 ταῖν
266 872 378 955 θυροῖν
398 871 458 933 τοῦ
477 863 721 949 θυσιαστηρίου,
741 865 797 928 καί
812 860 991 945 εδξοὶμενος,
1011 864 1136 946 κρατοῦν
1150 860 1207 925 καί
1222 885 1278 945 κη-

182 966 278 1053 ροδς,
306 970 484 1051 εἰσέρχεται
504 966 548 1041 εἰς
568 960 604 1029 τὸ
624 962 868 1047 θυσιαστήριον,
904 962 960 1024 καί
977 956 1278 1045 προσκυνησαςτην

182 1062 279 1149 ἁγίαν
299 1062 483 1151 τράπεζαν,
520 1063 680 1147 ἐξέρχεται
700 1062 755 1125 καί
785 1060 946 1143 διέρχεται
974 1055 1028 1123 διαὶ
1050 1062 1108 1144 τῆς
1128 1057 1277 1139 σωλαίας,

181 1162 238 1227 καί
256 1164 427 1244 μέλλοντος
447 1162 548 1227 αὐτοῦ
568 1161 754 1244 διέρχεσθαι
775 1155 829 1222 διὰ
858 1159 915 1243 τῆς
934 1155 1091 1239 σωλαίας,
1124 1158 1281 1238 λαμβάνει

140 1254 246 1326 rosini
268 1262 326 1327 τοῦ
345 1260 557 1347 πραιποσίτου
578 1258 686 1345 κηρίον
703 1260 891 1338 λιτανίκιυν,
929 1255 984 1320 καί
1009 1261 1086 1341 παρ’
1116 1252 1197 1321 edroi
1220 1246 1298 1341 sip-B

178 1384 292 1445 χονται
314 1356 350 1423 τὸ
373 1356 543 1443 τροπέριον
564 1358 620 1441 τῆς
640 1351 751 1441 ἑορτῆς
778 1353 813 1419 τὸ
842 1352 1002 1441 ,,ση’μερον
1033 1356 1090 1438 τῆς
1121 1358 1278 1438 σωτηρίας

179 1454 271 1543 η’μαῖν
293 1456 329 1521 τὸ
352 1452 557 1541 κεφάλαιονι”
599 1451 654 1518 καί
674 1450 914 1539 δηριγευόμενος
933 1449 1004 1525 'sino'
1023 1476 1058 1515 τε
1078 1455 1140 1518 τῶν
1160 1450 1278 1537 ἆρχόν-

179 1581 244 1621 τιον
263 1557 321 1621 τοῦ
343 1556 589 1637 κουβουκλείου,
623 1552 797 1639 πατρικίων
819 1575 854 1617 τε
874 1550 931 1616 καί
949 1554 1128 1638 στρατηγῶν
1147 1555 1203 1615 καί
1222 1552 1278 1636 τῆς

179 1652 368 1741 συγκλήτου,
392 1655 551 1737 διέρχεται
569 1648 625 1717 διὰ
648 1653 706 1718 τοῦ
727 1655 818 1734 ναοῦ,
840 1654 896 1716 καί
911 1655 1073 1737 ἐξέρχεται
1094 1648 1148 1714 διαί
1169 1673 1204 1714 τε
1219 1652 1278 1713 τοῦ

142 1755 342 1839 ρ5νάρθηκος
362 1754 418 1817 καί
434 1756 491 1816 τοῦ
512 1754 683 1838 λουτῆρας.
726 1748 888 1816 κατελθοδν
919 1754 955 1817 δὲ
981 1747 1020 1816 ui
1040 1750 1198 1836 γραδὴλια
1218 1748 1280 1814 τοιῖ

180 1848 303 1939 ἀθέρα,
324 1837 488 1937 ἐξέρχεται
511 1850 566 1918 έπί
584 1849 620 1915 τὸ
637 1849 754 1933 μίλιον,
775 1848 831 1915 καί
856 1849 1009 1915 διοδεύων
1032 1846 1091 1934 την
1107 1852 1217 1933 μέσην,
1237 1848 1277 1912 οἷ-

178 1954 328 2036 νέρχεται
349 1952 383 2015 έν
404 1952 449 2039 τρῖ
471 1948 558 2039 φόριρ
580 1946 636 2013 καί
654 1956 741 2015 τελεῖ
757 1951 858 2014 έκεῑσε
880 1946 1004 2013 ἅπαντα
1026 1946 1219 2029 ἀκολούθως,
1242 1942 1279 2011 ὃν

178 2046 297 2136 τρόπον
318 2043 466 2131 ἆνιυτίρω
487 2047 653 2135 ε’δηλιίθη.
696 2046 751 2113 καί
779 2046 943 2114 κατελθών
971 2050 1017 2123 εἷς
1037 2045 1093 2111 τὸν
1123 2047 1201 2112 ναὸν
1220 2048 1278 2130 τῆς

177 2144 353 2232 τἀιεραγίας
367 2143 532 2238 ,Θεοτδκου
552 2150 588 2213 έν
609 2156 675 2223 τοῖς
691 2149 969 2231 χαλκοπρατείοις,
996 2152 1083 2212 τελεῖ
1097 2146 1198 2211 έκεῖσε
1219 2141 1278 2228 τὴν

137 2246 274 2311 οοθείαν
301 2248 495 2332 λειτουργίαν
522 2251 621 2333 μέχρι
649 2248 708 2311 τοῦ
741 2246 935 2330 εὐαγγελίου.
976 2244 1033 2311 καί
1052 2240 1113 2310 siuti
1137 2246 1196 2311 τοῦ
1221 2246 1276 2310 εδ-

177 2346 323 2430 ιαγγελίου
347 2348 536 2431 κατέρχεται
558 2343 610 2409 διὰ
636 2347 692 2434 της
713 2345 838 2430 ξυλίνης
860 2342 999 2427 σκέλας,
1024 2346 1080 2411 καί
1100 2346 1304 2431 ἐξέρχεται,α
1363 2424 1367 2430 ¹

175 2447 375 2530 τελεσθείσης
404 2447 460 2529 τῆς
490 2447 650 2520 ἑκτενοῦς·
692 2447 727 2510 έν
756 2441 856 2533 ταύτῃ
885 2440 945 2527 γὰρ
967 2445 1006 2532 τῇ
1030 2444 1174 2534 ἧμέρριῆ
1201 2445 1277 2511 θεία

175 2542 354 2627 λειτουργία
377 2535 415 2605 οὗ
435 2546 571 2606 τελεῖται
595 2539 721 2624 ἅπασα,
750 2537 822 2606 ἀλλ’
849 2545 909 2622 ἓως
940 2546 999 2606 τοῦ
1019 2538 1204 2626 εὗαγγελιλιυ
1222 2546 1280 2610 καί

174 2641 231 2726 τῆς
257 2641 411 2718 έκτενοῦς.
453 2643 508 2706 καί
537 2638 675 2718 ἐξελθών
708 2639 726 2707 ὅ
750 2639 902 2724 βασιλευς
930 2642 966 2708 έν
988 2643 1033 2730 τῷ
1055 2641 1199 2732 έμβόληι,
1233 2641 1276 2719 ὥς

177 2793 473 2864 ¹ssnmm

172 2931 229 2968 non
247 2915 388 2982 procedit,
405 2915 455 2968 sed
474 2929 615 2977 reversus,
637 2933 744 2986 parvam
766 2925 874 2985 portam
892 2918 922 2970 in
940 2925 1035 2972 sancto
1052 2923 1156 2989 puteo,
1174 2915 1223 2970 nbi
1243 2915 1275 2972 in

171 2987 276 3054 magnis
300 2985 521 3054 processionibus
548 2986 642 3055 psaltis
667 2989 821 3058 ceterisque
847 2990 959 3058 eopiosa
985 3005 1098 3042 munera
1122 3003 1169 3039 sua
1196 2989 1270 3040 inter

173 3055 301 3107 solennes
321 3058 468 3126 argentarii
488 3057 697 3118 acclamationes
715 3069 818 3128 erogat,
833 3058 996 3128 ingreditur.
1032 3060 1102 3112 inde
1117 3074 1167 3126 per
1184 3059 1274 3110 tricli-

173 3126 271 3187 nium,
291 3126 340 3177 ubi
360 3128 390 3178 in
413 3127 560 3178 maioribus
588 3129 808 3194 processionibus
843 3130 995 3182 convivium
1017 3130 1155 3190 celebrat,
1172 3128 1270 3180 transit

174 3203 203 3248 et
220 3197 393 3248 metatoriurn
413 3199 500 3266 petit,
525 3205 682 3267 mutataque
701 3198 788 3262 stoia,
812 3216 893 3269 quarn
916 3209 1008 3252 saneto
1027 3199 1143 3252 sabbato
1162 3206 1267 3266 gestat,

173 3281 243 3326 eam,
262 3282 315 3334 qua
334 3268 363 3317 in
382 3268 592 3318 annuntiatione
612 3269 717 3330 utitur,
742 3265 841 3321 induit.
878 3269 972 3333 Unde,
994 3279 1097 3323 mutata
1118 3277 1212 3329 veste,
1235 3267 1271 3320 sd

173 3334 268 3386 ianuas
286 3338 397 3388 sacrarii
417 3337 490 3397 abit,
517 3336 565 3389 ubi
584 3353 644 3388 cum
665 3336 824 3391 ardentibus
847 3341 932 3392 erreis
956 3347 1097 3407 precatus,
1122 3339 1268 3392 sacrarium

172 3404 273 3466 intrat,
296 3415 323 3460 et
343 3415 434 3460 sancto
454 3407 533 3462 alteri
552 3405 681 3468 adorato,
708 3406 826 3462 discedit
843 3425 948 3494 perque
970 3410 1072 3461 soleam
1098 3408 1267 3478 digreditur,

172 3474 357 3544 digressurus,
375 3494 482 3530 cereum
503 3477 731 3546 processionalem
749 3495 765 3529 a
786 3487 944 3547 praeposito
962 3481 1082 3547 accipit,
1102 3497 1156 3549 quo
1175 3477 1267 3542 sacto,

171 3548 263 3596 rtatinr
293 3547 441 3615 troparium
466 3548 530 3600 sesti
550 3547 750 3600 exordiuntur:
788 3547 878 3603 Hods's
909 3564 993 3618 caput
1019 3551 1120 3604 salutis
1146 3562 1266 3602 nostras.

171 3611 280 3666 Deinde
301 3633 316 3666 a
336 3617 480 3685 praesectis
499 3616 644 3680 eubiculo,
665 3619 805 3686 patriciis,
823 3621 949 3688 strategis
967 3629 997 3671 et
1013 3630 1108 3672 senatu
1129 3620 1268 3686 stipatus,

169 3699 219 3752 per
237 3686 369 3755 tempium
394 3689 506 3750 transit,
531 3704 634 3758 perque
659 3685 813 3742 nartheoem
842 3698 870 3742 et
894 3691 1084 3758 baptisterium
1115 3689 1180 3741 abit.
1216 3689 1268 3744 Per

119 3767 121 3774 ’
170 3752 267 3821 gradus
286 3765 378 3808 autem
397 3756 507 3826 athyrae
524 3756 710 3820 descendens,
730 3759 765 3811 nd
785 3759 891 3812 mitium
913 3769 942 3813 et
960 3777 1009 3830 per
1027 3760 1144 3816 mediam
1173 3761 1202 3811 in
1223 3759 1267 3810 io-

169 3839 230 3874 rum
251 3823 319 3886 abit,
339 3829 429 3880 omnia
447 3828 497 3888 ibi,
509 3836 541 3879 ut
557 3843 638 3894 supra
657 3828 836 3890 ostendimus,
856 3828 952 3882 ordine
971 3840 1138 3900 peracturus.
1155 3829 1265 3883 Deinde

171 3891 206 3943 ad
225 3897 357 3964 tempium
375 3899 559 3952 sanctissimas
572 3896 977 3968 Deiparae'cbnleoprateorum
995 3902 1080 3962 venit,
1099 3911 1128 3954 et
1145 3899 1266 3952 divinam

168 3960 307 4033 liturgiam
330 3967 370 4019 ibi
388 3967 422 4020 sd
441 3969 611 4036 evangelium
631 3987 717 4040 usque
736 3969 865 4037 celeb-rat.
903 3969 966 4037 Quo
987 3972 1120 4033 recitato,
1153 3987 1203 4040 per
1227 3968 1264 4019 ii·

167 4049 263 4101 gneam
281 4036 546 4106 scalam}deseersdit,
566 4047 595 4090 et
608 4039 686 4092 finita
703 4049 825 4103 extensa,
844 4039 975 4096 discedit:
993 4041 1047 4093 boo
1063 4043 1135 4093 enim
1154 4039 1200 4092 die
1218 4055 1263 4088 sa-

168 4117 212 4159 ιιι
231 4104 346 4177 liturgia
362 4125 420 4164 oon
437 4117 510 4174 tota,
534 4108 638 4168 sedrsd
656 4111 829 4182 evangeliun
852 4127 939 4182 usque
968 4119 998 4166 et
1022 4119 1163 4193 estensem
1189 4108 1263 4166 sels·
