3042 4825
508 87 514 122 l

321 209 376 272 ιιι
404 125 600 274 (meludit.
627 205 765 275 λιιιλιι
791 209 961 274 armna.
990 214 1031 274 ιι.
1182 179 1265 296 517
1330 226 1334 231 <

172 362 368 428 ἀσύντακτον
388 365 556 448 παριδεῖν,
585 363 641 428 καὶ
646 415 656 446 ,
679 357 755 430 ὅσον
775 361 877 448 δήπου
898 361 935 427 τὸ
956 365 1008 450 ἐφ’
1028 362 1122 449 ἡμῖν,
1149 361 1192 429 τὰ
1210 369 1269 449 τῆς

170 465 340 546 βασιλικῆς
380 459 473 548 δόξης
509 469 694 560 καταλιπεῖν
728 460 1028 549 ἄκρατηριάζεσθοιι
1061 465 1183 548 καίρια.
1224 463 1318 541 oicEd
1327 480 1416 552 Luce

172 561 257 647 γὰρ,
279 563 314 626 ἐν
334 557 466 642 σώματί
479 585 545 628 τινι
562 565 620 646 τῆς
636 565 776 648 κεφαλῆς
795 565 939 648 πονηρῶς
959 558 1111 647 ἐχούσης,
1132 557 1153 624 ὅ
1171 586 1207 645 γε
1221 561 1268 648 μῆ

173 659 215 726 τὰ
235 657 316 746 πρὸς
335 663 512 748 θεραπείαν
532 659 633 726 πάντα
654 659 865 748 προσαγαγών
884 657 966 725 κατὰ
985 661 1043 726 τοῦ
1061 659 1178 739 παντὸς
1198 661 1270 728 ἔτι·

149 766 216 844 5χε
242 756 297 824 τὸν
324 762 468 826 κίνδυνον
495 763 673 848 ἐπιφέρων,
711 757 813 836 οὕτως
840 754 930 842 οἶμαι
958 759 1015 828 κατ’
1044 757 1142 825 droti
1161 765 1270 827 κοινοῦ

171 860 271 924 τοῦδε
296 860 352 942 τῆς
380 862 456 924 καθ’
491 855 576 944 ἡμᾶς
605 861 766 936 πολιτείας
793 859 942 942 σώματος
967 860 1012 949 τῆ
1038 861 1270 950 μεγαλειοτέριρ

108 949 123 978 ⁸
172 961 267 1043 μέρει
294 961 352 1023 καί
377 957 567 1045 ὑπερέχοντι
596 963 701 1036 κακῶς
732 957 840 1043 ἔχοντι
864 956 910 1045 μῆ
930 956 973 1024 τὰ
992 961 1073 1048 πρὸς
1091 963 1292 1046 &panariam

171 1080 208 1123 τε
237 1056 293 1122 κατ’
321 1055 510 1144 ὁλοκληρίαν
540 1056 756 1144 προσενεγκών
785 1062 841 1123 καί
865 1057 906 1123 τοὶ
932 1057 1023 1144 παραὶ
1050 1058 1106 1145 τῆν
1135 1054 1267 1136 ἀταξίαν

172 1153 331 1240 κάμνοντα
358 1156 504 1241 συνάγων
525 1155 587 1223 κατ’
623 1163 805 1244 συγκροτῶν
833 1162 893 1223 τοῦ
917 1183 951 1224 τε
972 1155 1075 1244 δῆμον
1103 1161 1270 1247 κοινῇκαὶ

132 1259 233 1341 ιοκῆς
252 1256 413 1334 πολιτείας
433 1257 598 1342 η’μεληκαὶς
627 1255 718 1322 ἔσται
745 1260 802 1325 καὶ
820 1255 858 1323 τὸ
878 1257 1010 1339 σύμπαν
1034 1255 1103 1340 ἅμα
1123 1262 1268 1345 καθηρη·

172 1354 247 1431 κοὶς.
288 1353 343 1420 διὰ
364 1359 470 1422 ταῦτα
492 1355 532 1440 τλῆ
553 1355 610 1420 καὶ
636 1353 714 1442 πρὸς
733 1353 792 1442 τῆν
818 1360 984 1442 παροῦσαν
1011 1355 1167 1442 σολλογῆν
1186 1353 1268 1421 ruta

171 1479 229 1540 την
249 1456 307 1518 καί
328 1449 374 1537 μῆ
389 1477 457 1519 τισι
484 1459 676 1538 πονηθεῖσαν
710 1448 819 1533 ἄλλοις
846 1457 901 1540 τῆς
928 1459 1073 1541 τακτικῆς
1104 1457 1270 1538 staremq-

171 1577 233 1634 μεν
251 1550 393 1634 μεθόδου
405 1601 416 1635 ,
445 1551 503 1636 τῆν
527 1557 588 1634 μὲν
616 1554 784 1636 βασιλείαν
808 1552 911 1642 ταύτῃ
943 1556 1192 1640 βασιλικωτέραν
1210 1553 1267 1616 καί
1273 1572 1294 1624 c

173 1654 409 1738 φοβερωτέραν
439 1651 698 1728 ἀποδεικνύντες·
739 1656 785 1741 aqi
812 1657 849 1720 δὲ
869 1655 1062 1740 σογκλητικρλ
1081 1649 1269 1736 πληρώματι

136 1755 232 1820 ι5καί
259 1749 356 1815 παντὶ
390 1753 434 1838 τῷ
455 1747 581 1838 ὑπηκόῳ
601 1747 654 1814 τὸν
673 1747 753 1832 μετὰ
787 1755 844 1835 τῆς
873 1746 1024 1832 εὐταξίας
1047 1752 1118 1835 βίον
1138 1752 1194 1814 καί
1211 1746 1269 1833 τῆν

174 1847 334 1933 διαγωγὴν
361 1851 522 1931 νέμοντες,
553 1847 611 1936 ὑφ’
633 1843 672 1934 ἧς
704 1849 894 1935 σεμνότεροί
915 1873 950 1914 τε
979 1853 1037 1914 καί
1063 1845 1270 1933 κοσμιώτεροι

173 1944 401 2027 καθιστάμενοι
429 1941 513 2013 εἶναι
533 1941 650 2012 ἓνκαὶ
674 1945 860 2030 βασιλεῦσιν
888 1950 1075 2033 ἒπέραστοι,
1106 1947 1418 2030 αἰδέσιμοι’Μι.ι76.1ι

174 2069 208 2112 τε
230 2041 378 2131 α’λλῆλοις
397 2047 454 2110 καί
472 2045 568 2112 παντί
593 2041 682 2112 ἔθνει
701 2050 889 2130 θαυμαστοὶ
906 2049 963 2112 καί
978 2050 1147 2135 περίδοξοι.

177 2310 269 2356 tantus
292 2308 392 2354 ettam
411 2301 526 2372 pulcher
552 2297 670 2354 mundus
690 2309 773 2372 atque
792 2299 859 2354 ordo
885 2291 1140 2356 subordinationum
1159 2308 1188 2355 et
1205 2319 1272 2357 eon-

178 2375 354 2427 atitntionum
381 2374 557 2444 politicarum
577 2373 749 2425 inordinatus
767 2389 848 2442 porro
869 2374 990 2436 iaceret,
1018 2382 1050 2427 et
1064 2382 1096 2425 ut
1114 2371 1210 2443 (quod
1227 2390 1273 2426 ao·

178 2446 287 2497 cordiae
313 2462 369 2495 non
397 2445 486 2497 dediti
510 2454 684 2514 potueramus
704 2443 869 2514 impedire)
893 2441 1015 2494 membra
1040 2444 1117 2495 velut
1142 2445 1273 2512 capitalia

179 2514 326 2585 imperialis
340 2514 459 2583 gloriae,
478 2530 628 2583 necemque
647 2520 676 2565 et
693 2513 955 2581 ruinam‘imperio,
982 2515 1007 2564 ei
1025 2514 1219 2575 vulnerentur,
1237 2513 1275 2565 il-

179 2586 266 2636 latnra
292 2592 516 2637 contrucarentur
541 2590 768 2653 uuumqnepost
787 2583 902 2634 alterum
931 2582 1092 2637 defluerent.
1128 2585 1164 2635 Ut
1181 2582 1274 2647 enim,

177 2656 199 2707 si
218 2657 279 2725 quis
298 2656 381 2723 capiti
400 2655 470 2706 rucle
490 2658 586 2707 affecto
606 2653 760 2715 medelam,
782 2670 862 2722 quam
881 2661 987 2720 potest,
1006 2669 1113 2704 omnem
1132 2670 1188 2705 non
1206 2657 1274 2705 atie·

178 2734 237 2785 rot,
263 2732 351 2776 toturn
369 2742 464 2793 eorpus
484 2726 514 2775 in
532 2724 634 2777 excidii
655 2722 808 2793 periculum
828 2723 960 2774 coniicit:
989 2723 1029 2773 ita
1048 2725 1128 2773 etiam
1148 2724 1272 2794 quisquis

179 2798 330 2847 courmunis
356 2796 438 2848 hrrius
470 2804 577 2847 nostrae
604 2812 694 2847 rerum
730 2794 853 2846 civilium
877 2791 1082 2862 gubernationis
1109 2810 1204 2861 corpur
1231 2795 1273 2845 ita

177 2866 309 2933 negligit,
336 2873 368 2917 nt
386 2867 444 2916 eiua
476 2865 651 2916 eminentiori
672 2872 753 2935 atque
774 2862 931 2932 capitaliori
955 2862 1026 2930 parti
1060 2865 1212 2931 aegrotanti
1238 2880 1271 2916 ea

181 2936 288 2996 omnia,
314 2950 385 3003 quae
404 2935 502 2985 vitium
530 2951 625 2985 sanare
645 2943 673 2985 et
696 2937 883 3003 integritatem
906 2950 1064 2985 conservare
1083 2934 1190 2997 valent,
1214 2952 1272 2986 non

180 3004 315 3073 applicet,
344 3004 547 3073 dessuviurnque
577 3006 711 3055 minantia
737 3012 765 3055 et
784 3002 819 3055 ob
844 3003 984 3055 turbatum
1011 3002 1135 3055 ordinem
1153 3004 1273 3056 resoluta

180 3074 329 3143 plaudentia
354 3090 410 3124 non
435 3082 512 3141 cogat
532 3081 560 3124 et
584 3077 754 3143 compingat:
780 3074 827 3124 ille
846 3091 906 3123 mco
933 3072 1043 3143 quidem
1060 3074 1163 3125 iudicio
1181 3091 1272 3145 popu-

179 3146 237 3193 'lum
257 3160 368 3213 quoque
386 3144 474 3209 ipsum
494 3143 624 3212 negligit,
656 3150 684 3195 et
701 3152 790 3194 totum
808 3144 895 3195 civilis
915 3143 996 3194 huius
1016 3145 1154 3195 societatis
1174 3161 1271 3214 corpus

181 3212 260 3266 simui
280 3212 404 3264 destruit.
443 3214 524 3264 Primi
545 3231 593 3266 nos
613 3216 707 3283 itaque
726 3214 760 3265 ad
779 3212 854 3264 hane
868 3216 997 3265 tentatam
1016 3214 1147 3265 hactenns
1167 3215 1273 3266 nemini

180 3290 285 3355 partem
306 3286 364 3335 eius
389 3282 569 3351 disciplinae,
597 3300 668 3353 quae
694 3284 728 3335 de
747 3282 853 3335 vicibus
871 3286 1028 3353 muniisque
1055 3284 1177 3335 civilium
1197 3286 1273 3338 ordi-

181 3372 245 3407 num
271 3352 375 3415 tradit,
400 3370 450 3405 nos
475 3354 656 3417 accinximus,
681 3372 714 3406 ea
739 3356 846 3406 ratione
872 3356 988 3423 imperio
1015 3354 1126 3425 quidem
1156 3372 1189 3407 eo
1209 3356 1272 3423 plus

180 3428 329 3477 maiestatis
359 3432 387 3475 et
410 3427 521 3476 terroris
547 3422 686 3490 addituri;
718 3426 855 3475 senatorio
882 3432 972 3476 antem
998 3427 1089 3477 coetui
1114 3426 1222 3495 totique
1241 3427 1273 3477 in

181 3496 337 3547 universum
366 3496 473 3563 parenti
491 3494 664 3546 multitudini
683 3495 756 3545 vitae
779 3504 864 3563 atque
882 3494 1089 3547 consuetudinis
1111 3505 1222 3548 mutuae
1241 3496 1272 3547 ln

182 3566 279 3617 decoro
299 3564 395 3617 ordine
413 3572 495 3635 atque
520 3564 721 3635 tranquillitate
739 3566 928 3633 transigendae
953 3569 1057 3635 copiam
1076 3566 1192 3629 facturi,
1217 3582 1271 3635 quo

182 3636 389 3705 spectabiliores
404 3636 632 3704 honestioresqne
652 3634 767 3698 redditi,
796 3636 950 3704 principum
969 3652 1078 3688 auorum
1096 3652 1213 3688 amorem
1231 3638 1273 3687 ci·

182 3708 311 3777 viumque
333 3715 360 3757 et
377 3706 535 3777 aequalium
552 3706 758 3758 venerationem
775 3715 939 3773 mereantur,
960 3712 1059 3761 exteris
1076 3715 1167 3760 autem
1185 3708 1273 3759 inore

184 3783 264 3848 atque
292 3776 472 3831 admiratione
493 3778 557 3830 sint

607 3917 872 3935 ἡ
