3042 4825
286 64 369 180 782
506 90 779 156 cousraunur
810 91 1176 160 roururuocnum

281 248 407 332 χρυσοῦ
428 251 670 330 σκαραμαγγίου
691 233 898 332 ἐμπράκτως,
919 248 977 314 καί
1005 244 1194 334 ’προτίθεται
1214 247 1424 336 κλητόρων

282 345 338 410 ἐπί
366 345 544 430 δποκοιττῆς
576 337 732 431 τραπέζης
753 349 789 412 ἐν
808 351 854 436 τῷ
880 348 1107 413 Ἰουστινιανοῦ
1134 349 1310 438 τρικλίνῳ,
1345 351 1422 414 καί

253 447 510 520 εσυνεστιιῦνται
529 447 573 532 τῷ
593 450 724 528 βασιλεῖ
740 445 771 510 οἱ
799 443 863 510 duri
885 450 943 530 τῆς
962 444 1140 531 συγκλήτου
1161 447 1296 524 πάντες.
1331 450 1418 512 εἰσ-

278 541 410 628 άγονται
439 546 475 608 δὲ
494 541 577 625 μετά
605 546 669 610 τῶν
698 545 820 610 οἰκείων
849 550 1095 631 σκαραμαγγάυν
1118 545 1175 612 καί
1196 542 1313 628 μόνον.
1367 549 1411 635 τῇ

280 647 317 710 δὲ
346 644 669 733 τεσσαρεσκαιδεκάτῃ
699 648 756 708 τοῦ
785 647 888 711 αῦτοῦ
916 644 1017 731 μηνὸς
1047 653 1184 712 τελεῖται
1209 643 1426 731 idumea&

278 745 336 808 καί
356 742 498 831 ἑμφάνια
519 747 578 808 τοῦ
598 748 706 826 τιμίου
719 749 785 810 καί
808 749 962 824 ζωσποιοῦ
982 751 1137 832 σταυροῦ,
1158 747 1214 811 καί
1232 748 1409 831 άνέρχαν-

277 869 330 910 ται
352 841 382 907 οἱ
404 849 546 926 βασιλεῖς
567 837 689 932 ῦρθρου
711 849 840 928 βαθέως
860 846 895 912 ἐν
914 848 958 934 τῷ
977 850 1044 934 ναῷ
1061 849 1118 932 τῆς
1137 846 1231 932 ἆγίας
1247 849 1405 933 Σαφῶς,

277 946 352 1010 ποτὲ
362 947 398 1008 δὲ
420 946 476 1008 καί
496 942 560 1008 atui
585 937 740 1030 ἑσπέρας·
761 943 818 1010 καί
825 947 1013 1032 τελουμένης
1026 949 1082 1031 τῆς
1093 951 1203 1032 τρίτης
1222 943 1406 1029 demumr,-

277 1047 338 1109 τοῦ
358 1045 515 1126 παναγίου
537 1043 647 1127 ξύλου,
670 1046 885 1130 κατέρχονται
903 1042 1002 1110 πάλιν
1021 1043 1129 1111 οἴκαδε
1150 1043 1206 1109 διδ
1223 1048 1291 1110 τοῖν
1314 1049 1403 1110 δια-

276 1145 417 1228 βατικιῦν
445 1145 479 1208 ἐν
506 1144 659 1230 πρώτοις,
692 1145 749 1210 καί
776 1148 967 1231 τελουμένης
993 1149 1136 1229 παγανῆς
1162 1143 1438 1230 προελεῦσεωςιο

275 1241 368 1309 ἔνδον
386 1246 445 1309 τοῦ
464 1245 637 1326 παλατίον,
666 1248 855 1329 προτίθεται
873 1242 1048 1330 κλητάριον
1067 1245 1102 1310 δν
1120 1248 1165 1334 τῷ
1192 1245 1398 1311 Ἰουστινιιι-

275 1347 336 1408 νοῦ
365 1343 533 1430 τρικλίνῳ,
564 1345 620 1406 καί
641 1344 694 1408 δεῖ
709 1344 796 1428 ἡμᾶς
823 1346 1085 1428 συγκαλέαασθαι
1102 1344 1149 1422 τίς
1177 1343 1396 1408 συνεστῶσιν

275 1445 341 1507 τοῖν
359 1444 516 1522 βασιλέων
538 1447 653 1529 φίλους
673 1442 752 1509 κατά
774 1444 828 1510 τὸν
848 1436 912 1530 ἤδη
932 1447 997 1508 τῦν
1018 1445 1201 1529 κλητωρίαν
1220 1446 1392 1526 λεχθέντα

245 1542 395 1608 Βτῦπον·
437 1540 575 1626 εἰσάγειν
597 1545 633 1608 δὲ
653 1542 772 1620 πάντας
791 1544 875 1626 μετά
895 1546 960 1609 τῶν
981 1546 1104 1609 οἰκείων
1132 1546 1389 1630 σκαραμαγγάακ

273 1645 329 1707 καί
348 1638 453 1723 μόνον.
497 1645 552 1707 ἐπί
571 1645 606 1708 δὲ
630 1648 689 1708 τοῦ
708 1642 810 1729 μηνδς
833 1647 1019 1731 Νοεμβρίου
1038 1647 1201 1710 τελοῦνται
1219 1642 1259 1709 τά
1279 1647 1429 1728 {Ipora-ri

271 1741 373 1826 μάλια
393 1745 456 1808 ταῖν
477 1743 648 1823 δεσποτῶν,
670 1746 732 1807 καί
744 1746 938 1826 τελουμένου
959 1745 1013 1833 ἒφζ
1027 1739 1162 1808 ἑκάστου
1183 1742 1296 1827 κλήσει
1318 1747 1388 1814 τοῦ,

270 1839 421 1927 ἑσπερίου
444 1845 659 1928 φωτοφανοῦς
678 1845 833 1925 σαξίμου,
854 1846 996 1909 δίδονται
1016 1839 1197 1925 α’ποκόμβια
1216 1843 1305 1907 τάδε·
1326 1843 1385 1906 ἐπί

270 1945 332 2024 μὲν
350 1943 408 2006 τοῦ
427 1944 626 2028 βρουμαλίου
648 1943 786 2017 Λέοντος
806 1946 866 2007 τοῦ
886 1944 1099 2029 φιλοχράττου
1122 1939 1274 2007 δεσπότου
1293 1965 1380 2025 χρυ-

270 2044 331 2107 σοῦ
352 2043 459 2126 λίτραν
479 2040 515 2104 κ’·
560 2042 615 2104 ε’πί
634 2043 670 2106 δὲ
688 2042 748 2105 τοῦ
770 2044 930 2124 εῦτυχοῦς
955 2037 1168 2127 Ἀλεξάνδρου
1189 2036 1375 2122 αῦγοῦστου

268 2143 398 2226 χρυσοῦ
416 2143 522 2224 λίτραν
543 2137 571 2202 ι’·
596 2139 652 2204 ἐπὶ
672 2143 707 2204 δὲ
727 2143 785 2224 τῆς
805 2139 957 2224 εῦσεβοῦς
978 2141 1072 2224 Ζάης
1094 2137 1272 2224 αῦγοῦστης
1290 2159 1410 2222 χρυ-πο

270 2240 332 2316 σοῦ
360 2239 465 2324 λίτραν
488 2235 526 2323 η’·
568 2236 665 2302 duur*
690 2240 895 2327 διανέμονται
915 2237 979 2302 rino*
1000 2243 1059 2304 τοῦ
1078 2236 1220 2322 μεγάλου
1247 2261 1371 2323 πρωτο-

269 2341 449 2425 μαγίστρου
471 2337 598 2404 καὶτοῦ
609 2342 736 2404 κλεινοῦ
757 2337 938 2426 άρτικλίνου
952 2340 1012 2403 τοῦ
1031 2341 1200 2424 βασιλικοῦ
1214 2336 1294 2404 κατά
1314 2334 1370 2402 τάν

272 2580 386 2643 ficium,
405 2578 478 2632 redit
494 2580 648 2649 Imperator
665 2578 695 2629 in
714 2594 804 2649 equo,
818 2576 932 2630 indutus
951 2594 1036 2631 aureo
1056 2580 1259 2647 scaramangio‚
1275 2592 1366 2645 magna

273 2666 335 2701 cum
354 2665 474 2720 pompa3
496 2656 689 2721 proponuntur
716 2650 817 2719 epulae
835 2666 919 2719 super
937 2657 1063 2719 separata
1086 2666 1181 2701 mensa
1205 2646 1365 2701 Iustinianei

271 2721 398 2785 triclinii,
417 2731 445 2773 et
462 2720 595 2772 senatorii
615 2736 708 2771 omnes
720 2720 839 2772 Domino
860 2722 1049 2775 convivantur.
1086 2718 1302 2772 introducantur
1319 2734 1365 2769 au·

271 2798 328 2843 tem
347 2792 377 2843 in
394 2794 451 2843 suis
470 2791 661 2859 scaramangiia
687 2789 887 2843 tantummodo.
929 2791 983 2844 nie
1002 2790 1225 2862 decimoquarto
1245 2788 1364 2841 eiusdem

269 2864 372 2914 mensis
391 2864 532 2933 peragitur
549 2862 680 2914 exaltatio
700 2871 729 2913 et
748 2862 912 2915 monstratio
928 2861 1098 2915 venerabilis
1114 2870 1143 2913 et
1160 2861 1283 2915 vivificae
1306 2877 1363 2914 cra·

270 2933 317 2983 cir.
354 2934 535 3003 imperatores
555 2941 614 2986 tum
632 2932 785 2985 ascendunt
802 2949 910 2985 summo
927 2950 1027 2998 mane,
1046 2932 1186 2985 interdum
1204 2932 1290 2982 etiam
1305 2938 1366 3000 post

268 3018 411 3072 vesperam
430 3003 596 3077 [vigiliarum
614 3002 866 3076 praecedentiuml,
892 3006 922 3055 in
941 3005 1075 3074 templum
1094 3004 1121 3057 S.
1141 3003 1279 3073 Sophiae,
1302 3017 1363 3071 per-

268 3081 386 3143 actaque
403 3082 482 3126 terna
502 3076 588 3127 erucis
608 3074 796 3137 exaltatione,
816 3075 922 3126 abeunt
934 3092 1028 3126 rursus
1048 3074 1160 3127 domum
1177 3091 1229 3143 per
1245 3074 1362 3143 porticus

269 3144 391 3196 omnium
416 3146 508 3213 primi.
550 3144 727 3198 Processione
753 3143 885 3215 deinceps
912 3162 1018 3217 pagana
1043 3146 1116 3196 intra
1140 3144 1278 3215 palatium
1300 3158 1363 3196 con·

267 3214 361 3277 lecta,
380 3216 529 3284 exponitur
548 3214 704 3267 convivium
722 3216 752 3265 in
772 3218 920 3269 Iustiniani
942 3218 1082 3280 triclinio,
1107 3215 1143 3267 ad
1161 3214 1238 3286 quod
1265 3215 1361 3267 invita-

266 3302 328 3338 mus
352 3289 454 3339 amicos
473 3286 603 3349 Domini,
629 3287 724 3357 quales
750 3288 805 3337 iam
830 3304 914 3357 saepe
944 3286 1063 3341 diximus
1096 3285 1132 3337 ad
1160 3286 1275 3356 publica
1298 3285 1361 3337 talia

267 3356 393 3409 convivia
412 3358 533 3411 invitari.
570 3357 786 3410 lntroducuntur
804 3375 898 3411 omncs
917 3357 947 3409 in
967 3360 1025 3410 suis
1041 3358 1233 3427 scaramangiir
1250 3364 1359 3408 tantum.

265 3427 364 3480 Mense
381 3435 473 3479 autem
492 3427 642 3481 Novembri
660 3436 830 3499 peraguntur
847 3429 985 3483 brumalia
1003 3431 1204 3491 Dominorum,
1230 3428 1360 3497 finitaque

265 3504 330 3568 post
348 3498 566 3570 uniuscuiusque
586 3498 701 3566 [Leonis
723 3508 810 3570 puta,
836 3501 1004 3566 Alexandri,
1031 3502 1218 3570 Augustorum
1242 3507 1273 3551 et
1298 3499 1359 3549 Zoer

266 3568 418 3641 Augustae]
447 3584 560 3621 coenam
587 3571 744 3637 vespertina
771 3572 823 3622 sub
842 3570 932 3623 taedis
951 3572 1063 3635 chorea,
1081 3572 1183 3624 dantur
1199 3568 1357 3638 apocomlria

266 3638 345 3692 haec
381 3642 412 3693 In
432 3639 569 3693 brumalia
593 3639 709 3703 Leonis,
735 3640 876 3694 Christum
898 3645 1014 3695 amantia
1039 3641 1171 3705 Domini,
1197 3640 1259 3693 auri
1282 3640 1358 3692 litrae

264 3710 382 3780 viginti3
404 3710 557 3763 felicissimi
577 3717 669 3761 autem
684 3712 835 3765 Alexandri
854 3716 968 3783 Augusti
989 3716 1071 3767 litrae
1089 3714 1150 3766 auri
1172 3709 1285 3773 decem,
1302 3718 1358 3762 taa-

266 3779 330 3834 dem
349 3782 379 3834 in
397 3782 535 3834 brumalio
563 3780 654 3852 [quod
679 3782 772 3835 editur
797 3783 921 3856 nomine]
954 3786 1017 3855 piae
1040 3786 1108 3836 Ζοὸι
1136 3786 1277 3852 Augustae
1302 3780 1356 3833 aori

264 3850 348 3906 litrae
367 3860 445 3915 octo,
465 3868 536 3924 quae
553 3850 795 3906 distribuuntura
819 3871 916 3925 magno
935 3856 1148 3925 protomagistro
1170 3863 1200 3906 ct
1225 3870 1241 3904 a
1267 3852 1356 3916 cipris-

267 3922 338 3976 simo
357 3925 484 3978 articlino
504 3923 578 3995 regio
597 3924 748 3976 secundom
765 3922 915 3978 formulam
934 3927 1126 3979 codicillorum
1137 3923 1225 3977 nostri
1242 3919 1354 3990 collegii.

267 3992 327 4047 Hae
346 4010 409 4065 ergo
428 4011 523 4048 omnes
542 3994 655 4049 rituales
675 4005 703 4048 et
721 3994 851 4051 solennes
870 3998 1076 4052 anniversariae
1093 3993 1354 4054 conrivatiouesim·
