3042 4825
274 160 379 250 130,
480 185 755 264 consessum
784 189 1156 262 romemoorurn

266 347 331 411 τῶν
352 347 525 432 πατρικέων
539 342 597 410 καῖ
615 347 673 430 τῆς
695 341 874 432 συγκλήτου
894 351 939 413 δι’
962 342 1039 436 δλης
1057 354 1115 436 τῆς
1126 351 1368 437 -προελεδσεως·

265 447 325 512 rosi
343 447 379 510 dd
401 445 561 529 βασιλέως
582 442 766 524 ἐξελθόντος
783 443 843 531 τήν
858 450 918 512 τοῦ
933 453 1109 516 πουλπῖτου
1131 446 1250 536 πάλην,
1270 445 1370 535 ἤγουν

267 547 315 621 εἷς
334 540 389 609 τάν
415 539 571 625 άνόποδα,
600 541 659 608 καὶ
678 541 811 621 στάντος
835 547 939 610 αδτοδ
959 550 1083 630 ἐκεῖσε,
1105 541 1203 626 αὖθις
1219 546 1368 627 πεσόντες

267 643 299 714 οἱ
323 647 484 729 πατρίκιοι
505 643 563 709 καί
581 643 612 709 οἱ
643 643 765 726 λοιποὶ,
796 644 966 728 ἱσταμένου
991 650 1051 713 τοῦ
1069 650 1126 732 τῆς
1145 647 1369 726 καταστάσεως

265 739 464 830 ἔμπροσθεν,
484 741 594 828 λοβῶν
618 747 723 826 νεῦμα
744 741 762 808 δ
785 742 995 830 πραιπάσιτος
1010 746 1101 835 παρά
1125 750 1184 813 τοῦ
1199 750 1387 833 βασιλέως,5

264 840 352 909 νεάει
365 844 414 931 τῷ
433 846 490 927 τῆς
510 839 749 926 καταστάσεως,
781 844 840 910 καὶ
859 845 944 931 λέγει
964 897 986 930 ,,
998 843 1199 929 κελεάσατε”,
1233 847 1291 913 κατ’
1309 873 1369 912 κα·

262 942 430 1027 τέρχονται
450 937 564 1018 πάντες
585 945 631 1018 εἰς
647 939 683 1007 τά
706 940 948 1032 κονσιστῶριον,
969 945 1028 1013 κατ’
1046 943 1177 1023 στάντος
1196 951 1254 1012 τοῦ
1273 952 1378 1030 βατά,

263 1043 344 1119 λέως
372 1037 520 1106 άποκάτω
541 1045 601 1107 τοῦ
630 1049 850 1126 καμελαυκῖου
891 1048 939 1123 εἰς
976 1045 1033 1114 τάν
1051 1049 1242 1135 πορφυροῦν
1261 1049 1367 1127 λάθον,

262 1144 480 1228 προσκυνοῦσι
500 1135 614 1219 πάντες
635 1140 665 1208 oi
682 1145 907 1230 προειρημένοι
926 1144 1009 1227 μετά
1030 1144 1135 1232 πάσης
1154 1149 1212 1230 τής
1231 1141 1368 1231 συγκλή-

262 1265 337 1322 του,
367 1236 500 1318 ἑστῶτος
528 1240 586 1306 καὶ
611 1247 824 1329 σιλεντιαρέου
851 1241 1034 1330 ἔμπροσθεν
1061 1248 1119 1330 τῆς
1136 1243 1260 1331 πάλης.
1299 1241 1410 1314 sivero

240 1336 386 1417 Βνεάειὸ
415 1337 569 1424 βασιλεῦς
590 1345 634 1431 τῷ
654 1347 874 1432 πραιποσῖτιρ,
906 1343 926 1407 δ
948 1345 985 1410 δὲ
1012 1343 1225 1430 πραιπάσιτος
1253 1345 1298 1434 τῷ
1317 1369 1369 1410 σι·
1459 1395 1464 1412 .

264 1443 445 1530 λεντιαριλρ,
476 1443 618 1518 κάκεῖνος
638 1444 723 1526 λέγει
743 1440 967 1525 ,,κελεάσατε”.
1002 1441 1037 1508 τά
1060 1447 1098 1511 δὲ
1119 1442 1287 1527 βασιλικὸν
1307 1439 1368 1530 άρ-

264 1565 311 1626 μα
331 1538 542 1625 βαστάζοντες
562 1539 743 1627 σπαθάριοι
762 1541 927 1627 βασιλικαὶ
940 1538 1142 1610 διοδεδουσιν
1157 1535 1292 1609 ὄπισθεν
1304 1547 1368 1608 τῶν

263 1637 437 1726 βαρβάτων
455 1645 756 1728 πρωτοσπαθαριλυν
776 1647 811 1709 έν
830 1638 945 1731 ἑκάστη
967 1640 1155 1728 προελεάσει
1174 1639 1290 1723 οὕτως,
1310 1639 1370 1707 καί

265 1742 447 1825 διέρχονται
467 1735 604 1816 ἅπαντες
626 1739 681 1804 διά
702 1743 766 1806 τῶν
787 1743 1008 1825 ε’κσκουβιλων.
1050 1739 1231 1828 ἔμπροσθεν
1251 1745 1288 1807 δὲ
1301 1743 1409 1807 τῶνι5

263 1842 362 1926 τριῶν
380 1841 491 1904 πυλῶν
512 1843 572 1904 τοῦ
586 1843 814 1926 κονσιστωρῖου
832 1838 963 1927 α’ντικρδ
986 1843 1113 1906 ἵσταται
1135 1837 1152 1905 ὅ
1173 1844 1288 1926 κλῆρος
1305 1843 1367 1906 soii

264 1941 396 2025 κυρίου,
423 1934 593 2022 βαστάζων
613 1937 756 2023 σταυρὸν
785 1939 842 2004 καὶ
859 1938 1036 2022 θυμιατόυ,
1069 1938 1128 2005 καὶ
1145 1937 1367 2026 προσκυνήσας

264 2036 319 2105 τάν
338 2036 480 2125 σταυρὸν
500 2039 519 2102 δ
539 2035 710 2123 βασιλεάς,
738 2032 782 2112 ῶς
802 2036 942 2106 εἴθισται
963 2042 1051 2130 adripi
1070 2039 1154 2104 κατά
1172 2042 1360 2126 προέλευσιν

264 2148 387 2219 ποιεῖν,
417 2140 583 2222 διέρχεται
614 2135 669 2203 διά
699 2139 762 2202 τῶν
792 2139 1026 2223 ἕκσκουβίτων,
1052 2135 1282 2222 διγικευάμενυς
1300 2137 1364 2204 siud

264 2261 298 2303 τε
318 2241 375 2320 τῆς
394 2231 570 2320 συγκλήτου
592 2233 729 2301 καὶτῶν
749 2239 874 2301 σκευῶν
891 2235 973 2302 κατά
994 2235 1083 2317 τάξιν
1103 2236 1286 2324 ἔμπροσθεν
1304 2241 1406 2306 τοῦτο

264 2333 405 2421 μεγάλου
427 2337 570 2421 σταυροῦΙ
591 2331 684 2400 ἔνθεν
703 2335 844 2400 κάκεῖσε.
886 2339 945 2401 τοῦ
965 2338 1001 2402 δὲ
1019 2339 1178 2421 βασιλέως
1197 2341 1363 2421 μέλλοντος

263 2434 321 2521 τήν
349 2434 490 2521 μεγάλην
518 2430 622 2519 πάλην
649 2438 713 2499 τῶν
744 2438 955 2520 ἐκοκουβέτων
983 2438 1142 2519 διελθεῖν,
1173 2440 1205 2504 εἰ
1221 2439 1281 2521 μέν
1301 2442 1366 2505 εἰσι

241 2542 441 2624 carpilione
470 2537 636 2617 μέλλοντες
663 2536 887 2621 προβληθήναι
913 2540 954 2624 τῇ
973 2534 1063 2615 τάξει
1088 2536 1206 2625 ταάτη,
1236 2535 1366 2614 στάντος

264 2640 323 2703 τοῦ
333 2636 501 2720 βασιλέως
519 2637 618 2718 μέσον
635 2638 692 2719 τῆς
711 2636 823 2720 πύλης,
845 2632 967 2719 εἰσάγει
981 2634 999 2700 δ
1021 2638 1204 2718 δομέστικυς
1216 2640 1280 2702 τῶν
1294 2640 1367 2704 ἐκσ·

318 2774 361 2825 23.
381 2772 587 2844 προβληδήναι,
605 2772 639 2845 spi
649 2768 729 2834 τάξει
747 2770 835 2843 ταύτῃ
849 2770 943 2824 στάντ.
958 2770 1003 2830 ed.

265 2894 321 2963 piti
345 2902 453 2963 portam
482 2912 529 2947 seu
564 2892 599 2947 ad
625 2893 795 2965 onopodium
822 2907 994 2963 progressum
1020 2898 1050 2945 et
1074 2892 1116 2946 Ibi
1146 2900 1277 2958 stantem,
1303 2913 1364 2947 rur-

266 2982 312 3019 sus
337 2965 446 3033 patricii
470 2966 612 3037 ceterique
636 2983 723 3034 prono
742 2967 773 3017 in
792 2974 893 3017 terrem
912 2962 1138 3028 mirandorum,
1157 2964 1236 3017 adest
1253 2982 1364 3037 quoque

266 3034 487 3098 cerimoniarum,
506 3038 550 3089 eui
569 3038 751 3105 praepositus,
771 3043 883 3103 accepto
905 3034 940 3087 ab
960 3036 1127 3103 Imperatore
1143 3035 1238 3105 signo,
1255 3038 1365 3101 annuit,

267 3104 379 3157 dicens:
400 3105 513 3171 Iubere,
533 3116 562 3159 et
580 3123 674 3159 omnes
694 3106 729 3158 ad
747 3108 940 3158 consistorium
958 3104 1082 3169 abeunt,
1100 3114 1129 3159 et
1151 3106 1364 3176 Imperatorem,

267 3174 319 3229 sub
338 3174 504 3228 camelaucio
523 3177 553 3229 in
571 3176 767 3246 porphyretico
785 3176 878 3246 lapide
897 3177 1088 3239 constitutum,
1112 3193 1167 3227 uns
1186 3195 1246 3229 cum
1265 3185 1363 3229 senatu

265 3246 394 3299 universo
422 3244 557 3311 adorant,
581 3248 735 3301 silentiario
759 3264 870 3317 quoque
896 3255 960 3299 ante
987 3256 1095 3316 portam
1118 3254 1219 3307 stante,
1254 3246 1364 3299 Deinde

266 3332 358 3371 rursus
378 3317 528 3385 Imperator
546 3318 719 3387 praeposito,
738 3319 911 3390 praepositus
931 3317 1082 3371 silentiario
1100 3318 1122 3367 si
1141 3334 1207 3369 num
1226 3316 1292 3380 dat,
1315 3316 1364 3388 qui

268 3386 350 3441 dicit:
371 3388 477 3446 iubete.
520 3388 699 3457 Imperatoria
726 3404 790 3441 vero
817 3405 890 3439 arma
908 3396 1045 3458 gestantes
1067 3336 1200 3458 spatbarii
1218 3398 1281 3459 post
1299 3387 1364 3441 bar-

266 3456 347 3510 batos
365 3458 601 3529 protospatharios
619 3460 659 3510 sic
677 3460 707 3510 in
725 3476 891 3532 unaquaque
908 3462 1084 3529 processione
1095 3457 1241 3529 prodeunt,
1259 3473 1365 3581 perflue

264 3527 397 3581 excubias
418 3546 512 3581 omnes
532 3530 692 3599 procedunt.
728 3530 801 3583 Ante
819 3538 874 3582 tres
905 3529 1060 3582 consistorii
1082 3537 1175 3600 portas
1196 3530 1283 3588 clerus
1330 3546 1364 3581 o-

268 3598 339 3651 mini
365 3616 427 3651 cum
456 3617 535 3653 cruce
561 3610 589 3653 et
612 3600 778 3654 suffimentis
808 3609 878 3664 stat,
906 3601 1074 3669 Imperator,
1102 3608 1135 3652 nt
1152 3600 1183 3652 in
1201 3598 1364 3653 solennibus

268 3669 377 3739 pompis
396 3672 451 3740 ipsi
470 3689 527 3724 mos
547 3681 604 3733 est,
623 3688 702 3724 eruce
719 3672 847 3735 adorata,
866 3690 881 3724 a
900 3680 996 3723 senatu
1016 3679 1044 3724 et
1061 3672 1193 3724 ministris
1213 3669 1365 3724 secundum

266 3740 393 3796 ordinem
411 3758 442 3793 ac
459 3750 600 3811 receptum
620 3760 723 3795 morem
742 3744 873 3813 utrinque
893 3743 1020 3811 stipatus,
1038 3749 1104 3795 ante
1120 3758 1243 3811 magnam
1256 3756 1365 3793 crucem

266 3812 376 3869 usnsit
413 3812 486 3863 Dum
506 3830 570 3867 vero
588 3812 624 3865 ad
643 3830 767 3883 magnam
787 3814 979 3867 excubitorum
998 3822 1105 3882 portam
1124 3812 1292 3882 digressurus
1311 3818 1362 3873 est,

266 3883 290 3935 εἰ
310 3883 371 3954 quis
390 3882 480 3936 scribo
500 3884 702 3954 promovendus
728 3894 786 3949 cst,
815 3902 895 3947 eum,
922 3885 1088 3951 Imperatore
1108 3882 1137 3935 in
1157 3882 1249 3935 medio
1268 3889 1364 3951 portae
1407 3881 1412 3893 “

266 3955 438 4015 constituto,
456 3954 621 4007 domesticus
641 3954 831 4009 excubitorum
849 3964 878 4007 et
903 3956 1113 4007 cerimoniarum
1130 3955 1275 4024 magister,
1294 3953 1365 4004 seri·

266 4022 371 4077 bonem-
390 4026 571 4088 comitantes,
592 4025 741 4081 adducunt.
791 4026 843 4079 Cui
860 4025 1011 4098 Imperator
1028 4032 1166 4096 receptam
1185 4042 1202 4075 a
1219 4024 1365 4095 praeposi-

265 4099 296 4146 to
314 4097 416 4168 vlrgu'm
433 4096 534 4163 tradit,
551 4096 575 4151 is
594 4112 655 4153 earn
673 4106 770 4152 tenens
788 4096 865 4162 abit,
883 4104 912 4150 et
930 4096 961 4150 in
979 4092 1076 4150 ordine
1096 4113 1147 4151 suo
1164 4102 1225 4150 stat.
1254 4092 1367 4148 Deinde
