3042 4825
308 173 365 246 ut
392 171 590 240 marnoa.
622 173 761 242 sutas
793 175 965 238 arzana.
996 177 1037 238 ιι.
1060 175 1110 242 ιο.
1173 144 1257 230 583

571 363 649 432 11er
666 362 714 430 τῆς
738 360 836 434 δοχῆς.
1257 359 1403 428 tetam

239 500 305 561 Τοῦ
326 495 483 586 βασιλέως
504 495 566 564 alai
598 503 657 566 τοῦ
676 503 833 564 παλατίοα
867 498 1048 580 ἐξελθόντος
1074 503 1131 566 καί
1156 503 1190 566 ἐν
1209 507 1254 592 τῷ

143 595 342 688 μητατωρίιρ
361 601 421 664 τοῦ
437 597 577 682 μεγάλου
595 599 754 688 τρικλίνου
770 597 1025 683 cicumscriptae
1042 596 1307 683 εἰσελθόντος,Μι.
1320 617 1402 688 rppb

155 693 370 783 έδῆλιόθῆσαν
399 699 430 764 oi
451 701 634 786 Σαρακῆνοί
663 703 724 765 rori
744 701 852 765 ἐλθεῖν
871 696 927 764 καί
945 697 1002 764 τὰν
1021 703 1156 782 βασιλέα
1178 697 1257 766 θεό-

122 793 299 860 5σασθαι.
340 795 371 860 οἰ
391 799 427 863 δέ
448 793 542 862 odeas*
569 797 659 886 φιλοι
681 799 864 886 Σαρακῆνοί
887 797 945 863 τὸν
972 801 1141 883 χροσιοῖνα
1169 800 1256 878 ἔξελ-

144 888 279 976 θόντες,
315 899 474 980 κατῆλθον
503 893 558 962 τόν
576 891 720 980 ’κόχλιάν
753 897 798 973 σός
828 895 910 983 πρός
936 894 994 964 τόν
1023 896 1255 982 αἰγοοστιακδν

144 990 285 1076 στόβλον
305 993 363 1060 καί
380 993 438 1080 τῆν
456 995 606 1084 καμάραν
624 995 684 1082 τῆν
704 1002 873 1086 λεγομένην
890 996 946 1064 τόν
962 998 1118 1084 ’Aspasia
1140 997 1198 1063 καί
1216 1002 1255 1064 u'-

149 1095 193 1160 πό
215 1100 279 1162 τῶν
302 1101 402 1166 ἐκεῖσε
425 1102 555 1186 διῆλθον
584 1097 639 1168 διαὶ
666 1101 725 1166 τοῦ
745 1098 838 1182 ἁγίου
871 1099 1025 1186 φρέατος,
1058 1095 1116 1162 καί
1134 1093 1253 1178 ἔξωθεν

142 1200 206 1262 τοῦ
215 1199 402 1283 καχκέλλοο
422 1201 478 1285 τῆς
496 1201 619 1284 χαλκῆς
637 1201 702 1264 τῶν
724 1201 830 1265 ἳππων
852 1191 1026 1281 ἀποβάντες
1047 1198 1181 1282 διῆλθον
1198 1197 1254 1262 διά

99 1321 181 1369 τοτε
210 1301 266 1382 τῆς
292 1301 412 1386 χαλκῆς
437 1296 495 1362 καί
522 1301 582 1363 τοῦ
612 1301 773 1386 τρικλίνου
801 1300 866 1363 τῶν
887 1299 1013 1380 σχολῶν
1034 1297 1164 1362 καὶτοῦ
1184 1322 1253 1382 ιρι-

143 1401 317 1480 βοοναλίον
328 1449 339 1480 ,
360 1395 417 1462 καί
434 1393 638 1474 ἐκνεόσαντες
658 1395 778 1478 δεξιόν,
802 1393 851 1483 (τό
874 1397 975 1460 ἐκεῖσε
995 1391 1057 1482 γόρ
1079 1393 1252 1482 φοορνικόν

145 1489 203 1560 διδ
223 1498 383 1578 βλακείαν
402 1489 443 1582 ῆν
463 1497 696 1578 ἐξωπλισμένον
715 1498 772 1562 καί
790 1494 1111 1584 περιπεφραγμένον,)
1133 1498 1276 1584 depelli-B

142 1599 270 1678 σθησαν
291 1595 413 1678 ἐκεῖσε,
433 1597 493 1672 ἕως
514 1585 554 1658 δν
574 1597 781 1684 σονέφθασεν
802 1593 822 1659 ὅ
841 1592 994 1678 βασιλεδς
1015 1592 1070 1657 καί
1086 1595 1188 1659 πάντα
1208 1593 1250 1660 τὰ
1308 1586 1318 1600 ³

119 1696 200 1776 ,τῆς
221 1695 336 1778 δοχῆς.
377 1693 495 1776 ἰστέον,
517 1689 580 1777 ότι,
600 1695 658 1758 τοῦ
678 1695 837 1777 βασιλέως
857 1691 920 1758 dari
943 1695 1000 1757 τοῦ
1020 1694 1177 1758 παλατίοο
1198 1694 1251 1757 ἐλ-

101 1787 257 1866 ι5θόντος
288 1795 335 1868 εἰς
362 1789 400 1856 τό
430 1790 635 1880 μητατοόριον
663 1797 724 1877 τῆς
751 1793 943 1878 μανναόρας
971 1791 1028 1856 καί
1052 1789 1250 1868 εἰσελθόντος

42 1959 51 1969 ,
141 1892 262 1972 ἐκεῖσε,
289 1881 426 1978 ῆρξαντο
447 1891 478 1954 οἱ
499 1893 622 1974 ψάλται
646 1891 727 1974 μετὰ
757 1895 821 1957 ταῖν
845 1895 990 1977 δῆμοτοῖν
1013 1887 1103 1979 ᾅδειν
1125 1893 1166 1956 ιδ
1186 1893 1249 1974 βα-

142 1992 273 2060 σιλίκια.
316 1990 437 2072 ἰστέον,
461 1983 513 2055 ότι
533 1987 552 2054 ό
572 1989 725 2075 βασιλεδς
756 1989 1023 2078 περιβαλλόμενος
1042 1984 1078 2055 τό
1105 1986 1246 2075 amaya-

141 2110 196 2154 νον
220 2087 386 2170 χλανίδιον
414 2089 471 2152 καί
489 2091 525 2153 τὰ
548 2089 633 2173 μέγα
657 2086 772 2154 λευκόν
801 2089 945 2172 στέμμα,
976 2088 1114 2174 οἰνῆλθεν
1146 2091 1182 2155 ἐν
1201 2093 1248 2180 τῷ

87 2269 91 2277 Ι
142 2189 364 2274 Σολομωντειλρ
389 2184 508 2277 θρόνῳ,
530 2186 587 2252 καί
608 2189 782 2273 ἐκαθέσθῆ.
811 2190 868 2252 καί
884 2183 966 2270 perd
988 2186 1023 2252 τὸ
1045 2191 1247 2272 καθεσθῆναι

98 2279 250 2360 acacinm,-
270 2281 446 2370 έπῆόξαντο
470 2282 695 2372 πολυχρόνιον.
737 2285 767 2350 οἱ
788 2288 824 2352 δέ
845 2287 976 2370 ψάλται,
1001 2287 1035 2351 οἳ
1051 2311 1087 2350 τε
1108 2289 1244 2352 ‹incoro-

140 2389 225 2449 λῖται
248 2383 305 2451 καί
332 2383 362 2451 οἱ
396 2385 616 2473 όχιοσοφϊται,
638 2379 774 2471 ῆρξαντο
803 2378 895 2475 ᾅδειν
913 2383 955 2451 τό
975 2385 1156 2469 βασιλίκια,
1187 2391 1245 2453 καί

128 2482 335 2572 Αεἰσήχθησαν
353 2482 433 2555 socci
456 2484 513 2553 τὸν
534 2481 673 2553 εἰωθότα
695 2484 798 2552 τόπον
819 2482 858 2551 τό
880 2490 983 2573 βῆλα,
1006 2488 1061 2551 καί
1081 2493 1241 2553 relevrai-

336 2732 369 2767 Μ
390 2728 447 2768 lm
471 2730 632 2767 artemon
650 2730 769 2779 BlUbQUB
797 2727 1035 2767 romatinum.

106 2858 117 2873 ⁸
204 2868 328 2923 Domino
346 2868 485 2937 epulatio
508 2883 615 2938 egresso
634 2876 662 2921 et
680 2870 710 2921 in
727 2870 905 2922 metatoriam
931 2866 1024 2938 magni
1041 2864 1159 2917 triclinii
1176 2882 1235 2919 ma-

138 2938 255 3009 gnaurae
272 2940 412 3008 ingresso,
428 2938 635 3007 significabatur
652 2941 809 3005 Saracenis,
828 2948 859 2991 ut
877 2940 1005 2993 adessent
1023 2944 1051 2988 et
1067 2952 1158 2988 coram
1176 2940 1235 2992 Do-

138 3010 211 3059 mino
230 3016 428 3077 comparerent.
463 3010 551 3061 Amici
577 3026 640 3078 ergo
660 3010 806 3074 Saraceni,
831 3010 932 3081 egressi
955 3026 971 3061 e
997 3008 1149 3074 chryseone
1167 3006 1233 3079 {suo

137 3077 268 3151 hospitio]
289 3082 409 3148 primum
430 3095 480 3149 per
495 3079 656 3143 cochleam,
683 3096 754 3152 quae
770 3098 862 3133 versus
878 3081 1068 3150 augustiacum
1090 3076 1232 3132 stabulum

136 3156 255 3218 spectat,
273 3148 495 3213 descendebant,
513 3159 542 3202 et
557 3150 706 3216 fornicem,
725 3153 774 3221 qui
795 3153 895 3206 snecta
915 3152 1032 3220 dicitur;
1053 3148 1120 3202 inde
1140 3158 1232 3203 ειτηε-

136 3220 217 3273 misso
234 3236 310 3271 sacro
325 3229 421 3291 puteo,
434 3218 639 3273 descendebant
656 3230 731 3274 extra
754 3223 891 3275 cancellos
908 3223 1014 3274 chalces
1034 3237 1068 3273 ex
1088 3222 1183 3293 equis,
1201 3229 1232 3273 et

136 3291 299 3347 transmissis
315 3292 422 3355 chalce,
445 3291 569 3345 triclinio
583 3292 739 3345 scholarum
757 3300 842 3364 atque
857 3292 1007 3356 tribunali,
1023 3292 1095 3346 versi
1111 3291 1146 3342 ad
1159 3292 1231 3344 dex-

136 3368 218 3427 tram,
237 3361 419 3415 considebant
432 3363 462 3416 in
483 3364 604 3428 fornice,
623 3364 671 3437 qui
695 3362 737 3414 ibi
761 3372 818 3431 est,
844 3370 923 3428 (erat
947 3366 1021 3416 enim
1040 3363 1155 3414 blatteis
1174 3364 1229 3414 eir·

136 3436 311 3485 cumamictus
336 3441 365 3488 et
380 3440 458 3503 septo
474 3436 613 3505 cinctus3)
633 3433 721 3489 donec
735 3438 887 3505 Imperator
903 3434 1011 3488 adesset
1028 3434 1057 3485 in
1074 3433 1227 3486 triclinium

135 3506 299 3575 exceptionis
316 3522 378 3557 cum
395 3503 525 3558 omnibus
544 3504 586 3556 illi
610 3506 683 3557 actui
699 3507 867 3559 necessariis.
905 3506 969 3577 Quo
992 3513 1116 3575 tempore
1135 3504 1227 3574 Impe-

134 3582 204 3628 rator
217 3592 233 3627 e
248 3576 355 3646 palatio
374 3576 488 3629 veniens
511 3575 540 3625 in
560 3576 737 3628 metatoriam
756 3593 920 3646 magnaurae
945 3577 1082 3639 intrabat,
1107 3576 1227 3646 incipie-

134 3644 197 3697 bant
211 3646 318 3717 psaltae
332 3663 380 3698 seu
399 3654 524 3699 cantores
535 3661 597 3698 cum
608 3646 790 3716 popularibus
802 3650 923 3701 carmina
934 3648 1061 3701 basilicis
1073 3662 1122 3699 scu
1137 3648 1226 3715 impe-

135 3716 209 3767 rialia
232 3726 261 3769 et
283 3720 482 3789 Imperatorum
504 3719 635 3770 canendis
659 3716 790 3769 laudibus
812 3718 902 3770 dicata
924 3736 1029 3772 canere.
1072 3718 1226 3787 imperator

136 3794 221 3839 atatem
243 3790 359 3845 anticius
379 3788 548 3859 octangulari
572 3790 666 3842 tunica
689 3806 843 3861 magnaque
864 3790 981 3843 candida
1003 3790 1108 3850 infula,
1125 3803 1225 3841 ascen-

135 3854 213 3909 debat
229 3861 259 3909 in
274 3856 403 3912 thronum
416 3860 622 3925 Salomoncum,
646 3867 675 3911 et
687 3860 829 3912 residebat
839 3861 868 3913 in
883 3878 924 3913 eo.
961 3862 1026 3929 Quo
1043 3860 1126 3921 laeto,
1140 3862 1224 3928 poly-

135 3926 272 3979 ebronium
289 3946 382 3982 omnes
400 3928 603 3995 acclamabant,
620 3931 783 4015 psaltaeque
801 3940 857 3983 tam
877 3927 1058 4003 apostolitae,
1076 3945 1158 4002 qrrasu
1172 3930 1223 3982 ha-

135 3997 315 4067 giosopbitae,
332 4000 507 4070 incipiebant
520 3999 645 4054 basilissa
662 4018 775 4069 cauere3
793 4011 822 4054 et
841 4002 1089 4057 introducebantur
1101 4000 1162 4053 vela
1177 4014 1223 4053 se-

134 4066 247 4123 madum
265 4070 349 4127 ritum
375 4080 553 4139 consuetum,
576 4080 604 4127 et
622 4074 755 4153 postremi
772 4074 884 4128 tandem
898 4074 982 4128 amici
994 4072 1138 4139 Saraceni,
1154 4086 1222 4145 prc-

233 4278 238 4305 l
