3042 4825
323 211 379 278 ur.
408 207 608 280 centron.
643 205 782 276 suurn
810 203 981 274 nrmttm
1006 210 1048 274 ιι.
1068 215 1120 280 ιι,
1183 173 1268 264 6ι5

180 365 274 452 ἡνίκα
301 368 339 433 δὲ
366 357 517 454 ἀρξονται
547 364 727 453 εύφημεῖν,
761 366 913 428 πίπτουσι
943 362 1060 439 πάντες
1089 358 1119 428 oi
1148 361 1274 442 δέσμιοι

178 473 309 552 πρηνεῖς
334 464 391 532 ent
407 468 464 550 τῆς
484 467 558 550 γῆς,
592 461 632 530 rei
654 465 692 528 ot
710 457 831 528 τούτων
858 462 981 548 δόρατα
1001 457 1081 544 μετὰ
1102 461 1168 526 τάν
1189 464 1275 545 φλα-
1356 505 1361 518 .

177 560 329 647 μούλλων
348 565 383 642 ἔξ
402 563 619 651 ἀντιστρόφου
639 565 775 628 τιθεῖσιν
795 559 827 626 oi
846 563 1027 646 κατέχοντες
1051 554 1134 624 αύτύ
1154 555 1275 636 roteri-

176 686 242 744 ται,
260 666 378 749 με’χρις
395 657 437 727 ἀν
456 664 476 747 ἢ
498 660 577 748 asir»)
598 655 744 748 εύφημιόι
762 663 928 749 τελειωθῇ.
962 663 1019 724 καί
1036 657 1156 744 ταύτης
1174 663 1274 727 reiut*

156 765 334 847 δυομένης,
357 763 542 829 ἀνίστανται
561 760 592 826 οἱ
612 762 754 844 δέσμιοι,
775 759 893 842 ὁμοίως
912 758 969 824 rut
985 757 1027 824 τά
1049 756 1172 846 δόρατα
1190 753 1301 840 perric

177 863 243 926 τούν
263 861 497 950 φλαμούλλαν,
528 860 586 928 καὶ
607 865 716 946 εἰμὲν
736 860 857 927 κελεύει
878 857 895 926 ύ
915 856 1066 944 βασιλεύς
1090 855 1275 924 θεάσασθαι

176 959 255 1038 τούς
275 961 427 1045 δεσμίους
447 960 484 1026 τδ
506 959 738 1049 ἱπποδρόμιον,
768 956 955 1046 διέρχονται
977 961 1022 1034 εἷς
1038 956 1081 1023 τοὶ
1102 960 1161 1023 τού
1180 956 1275 1021 irruo·

178 1043 315 1146 dpepit'ov
335 1056 450 1149 βάθρα
469 1059 616 1128 κάτωθεν
634 1064 693 1126 τού
713 1058 817 1146 δήμου
838 1057 1111 1145 τῶνἩρασύνων,
1133 1060 1168 1124 ἓν
1182 1048 1209 1148 ᾧ
1221 1053 1275 1123 τό·

177 1180 229 1248 πφ
249 1156 404 1225 εἰώθασιν
423 1158 455 1226 οἱ
472 1163 596 1243 δέσμιοι
616 1163 772 1228 ἵστασθαι
791 1157 846 1224 καὶ
859 1155 1044 1224 θεάσασθαι
1065 1155 1100 1222 τὸ
1119 1155 1275 1254 ἱπποδρό-

135 1276 270 1343 ιομιυν.
309 1258 341 1322 εἰ
370 1259 408 1324 δὲ
427 1259 468 1323 ού
497 1255 618 1326 κελεύει
637 1257 656 1325 δ
677 1256 830 1344 βασιλεύς
860 1252 1021 1344 ἐντεθῆναι
1044 1253 1176 1348 τούτους
1206 1263 1274 1332 τοῖς

175 1354 254 1441 πρὶν
278 1358 421 1439 δεσμίοις
448 1362 508 1424 τού
534 1361 751 1446 πραιτωρίου,
779 1359 924 1425 ἵστανται
950 1354 1013 1422 εἴτε
1044 1353 1188 1422 κάτωθεν
1216 1355 1274 1422 τού

176 1452 282 1539 δήμου
302 1459 367 1521 τοῖν
386 1460 552 1542 Boudroe,
575 1455 637 1523 εἴτε
657 1457 812 1542 ἀλλαχού.
852 1454 894 1522 rei
913 1459 950 1522 δὲ
969 1452 1071 1522 σκύλα
1094 1453 1150 1520 καὶ
1168 1453 1274 1541 λύφυ-

175 1554 297 1639 ρακαί
322 1547 454 1639 ἅρματα
473 1559 537 1619 καδ
548 1553 589 1620 rui
611 1553 736 1642 δόρατα
754 1553 837 1638 μετὰ
853 1557 917 1621 τῶν
936 1548 1150 1644 φλαμούλλων
1166 1551 1273 1640 αἴρον-

174 1676 230 1716 ται
244 1651 335 1741 παρά
354 1656 420 1719 τῶν
438 1656 614 1736 ταξεοιτοῖν,
637 1652 693 1720 uos*
709 1653 950 1737 denominetur,
970 1654 1027 1718 καὶ
1050 1650 1090 1720 τύ
1109 1648 1180 1740 ἑξῆς
1200 1653 1271 1732 ἐστι·

133 1750 347 1840 ιὸτελιϊταιῆ
368 1751 510 1840 συνήθης
530 1747 707 1820 ἀκολουθία
726 1757 784 1821 τού
803 1751 1026 1843 ἱααοδρομιλιυ.
1267 1776 1293 1832 n

623 1909 738 1995 Klio(
750 1917 818 1987 κά.

198 2062 271 2122 Ὅσα
284 2065 333 2121 δεῖ
344 2067 599 2141 παραφυλάττειν,
617 2065 687 2127 διον
702 2071 793 2144 τεχθῇ
809 2066 900 2143 ἄρρεν
915 2068 1036 2127 παιδίον
1051 2069 1091 2141 τῷ
1108 2068 1226 2139 βασιλεῖ.
1250 2103 1252 2108 ·

253 2201 408 2267 Δι’δονται
428 2197 575 2282 μανδάτα
606 2201 654 2276 εἷς
684 2194 762 2286 ὅλην
784 2199 844 2287 την
872 2199 1043 2287 σύγκλητον
1074 2198 1267 2282 ἀλλαξΙμοον,

170 2302 227 2366 κατ’
256 2303 298 2390 τῇ
324 2295 397 2385 ἑξῆς
426 2301 639 2386 προέρχονται
659 2295 773 2377 αάνττς
802 2299 1054 2386 οἱσυγκλητικοδ
1071 2301 1127 2365 κατ’
1146 2293 1267 2365 ἀλλάσ-
1289 2363 1290 2369 ,

127 2425 284 2469 nonnose.
324 2395 393 2468 εἶτα
413 2395 543 2487 ἔρχεται
562 2397 582 2465 δ
602 2397 869 2490 ῥαιφερενδύριος
887 2403 945 2467 τύύ
964 2399 1189 2488 πατριάρχου,
1210 2395 1268 2466 κατ’

916 2516 921 2548 i

167 2600 202 2654 gs
220 2584 309 2637 Duum
329 2588 534 2658 supplicatione
551 2589 582 2642 in
601 2587 662 2642 foro
686 2580 835 2659 pers'gendi
849 2602 1059 2656 exponeremus.
1093 2586 1153 2639 Illis
1171 2592 1264 2639 entem

166 2655 263 2707 leudes
282 2656 470 2723 ordientibus,
494 2658 644 2728 procidunt
660 2661 764 2729 captivi
786 2674 880 2710 omnes
903 2660 934 2709 iu
959 2659 1073 2711 humum
1093 2658 1190 2725 proni,
1211 2655 1264 2709 irn-

167 2732 284 2797 stneque
301 2733 331 2779 et
348 2728 499 2781 flammulis
516 2732 638 2797 ipsorum
661 2730 834 2782 invertuntur
848 2744 864 2777 τ
882 2726 1069 2795 praesidiariis
1090 2726 1140 2778 ills
1162 2732 1266 2779 tonen-

166 2795 242 2848 sibus
259 2796 347 2871 idpue
369 2798 492 2862 tamdiu,
516 2816 598 2871 quum
623 2800 689 2851 illne
711 2798 807 2851 londes
831 2796 940 2855 durent.
974 2796 1076 2851 Finitis
1096 2814 1177 2860 vero,
1198 2812 1261 2849 snr-

166 2876 234 2935 gunt
251 2869 369 2937 captivi,
395 2875 425 2921 et
445 2886 538 2921 rursus
561 2872 704 2939 eriguntur
729 2871 758 2921 in
783 2877 886 2921 rectum
909 2868 1004 2922 hastne
1025 2876 1110 2939 atque
1130 2866 1260 2919 flnmnlln.

165 2937 195 2988 Si
222 2937 361 3007 permittit
393 2940 561 3009 Imperator,
585 2949 619 2992 ut
643 2939 745 3008 captivi
769 2938 849 2993 luder
877 2939 1011 2991 circenses
1043 2947 1110 2991 tune
1135 2936 1259 2990 edendos

204 3024 278 3078 oque
295 3009 325 3060 in
350 3018 480 3062 consueto
501 3009 670 3077 captivorum
689 3010 809 3062 statione
830 3016 963 3077 spectent,
980 3006 1132 3063 escendunt
1147 3008 1178 3061 in
1196 3024 1259 3077 gra·

186 3094 216 3127 us
237 3078 319 3142 circi,
345 3078 467 3131 factione
492 3080 603 3131 Prasino
623 3078 776 3131 inferiores.
813 3080 865 3132 lile
887 3096 987 3149 nempe
1006 3081 1083 3132 locus
1101 3076 1259 3131 ordinarius

164 3155 221 3210 est,
245 3164 338 3217 equo
365 3149 482 3219 captivi,
503 3149 553 3221 qui
575 3151 605 3202 in
629 3150 702 3202 Urbe
726 3154 805 3213 sont,
819 3158 955 3219 spectare
983 3148 1135 3203 identidem
1158 3149 1258 3202 solent.

165 3216 250 3287 Quod
267 3218 291 3269 si
314 3227 406 3271 nutem
428 3218 501 3272 nolit
518 3222 669 3288 Imperator
690 3219 740 3272 lsos
764 3227 887 3272 recentes
914 3222 1034 3291 cnptivos
1058 3236 1120 3272 cum
1140 3219 1257 3272 vetustis

163 3286 296 3339 hactenus
324 3289 353 3340 in
381 3292 518 3358 praetorio
547 3291 679 3343 asservari
705 3290 795 3342 solitis
823 3290 852 3342 in
876 3290 973 3343 eodem
1001 3292 1062 3343 loco
1092 3288 1257 3356 convenire,

161 3359 333 3411 collocantur
353 3359 424 3411 inira
451 3359 550 3429 gradus
568 3359 697 3413 factionis
716 3362 849 3425 Venetae,
868 3371 917 3414 nut
932 3358 1009 3413 alibi.
1045 3362 1163 3431 Reliqua
1180 3377 1257 3427 vero,

160 3429 324 3490 rusnuhiso,
347 3429 468 3499 proedo,
492 3446 585 3497 arma,
610 3430 707 3484 iussere
731 3441 817 3503 etque
838 3431 960 3486 flnmulls
985 3432 1058 3485 intro
1081 3430 1122 3506 [in
1139 3438 1254 3501 praeto·

161 3498 240 3573 rium]
269 3498 432 3553 inferuntur.
476 3502 512 3555 Et
536 3510 604 3556 tune
619 3518 702 3574 porro
727 3502 811 3568 fiunt,
836 3516 907 3575 quse
931 3503 962 3557 in
985 3502 1060 3557 lndls
1084 3498 1261 3557 circumibo?

160 3570 220 3624 lieri
236 3568 277 3623 l'es
298 3577 327 3623 et
343 3588 403 3625 mos
424 3567 478 3625 est

635 3673 710 3731 CAP.
728 3694 771 3731 nr.

310 3776 515 3845 Obseruando,
532 3776 647 3852 quondo
674 3781 843 3852 Imperatori
860 3782 944 3858 filius
966 3783 1102 3839 sarcitur.

229 3896 339 3954 Dentur
357 3900 447 3969 pridie
457 3896 585 3953 mandute
602 3902 828 3965 mutatoriorum,
847 3918 895 3955 eeu
913 3902 1089 3973 significetur,
1102 3917 1158 3955 erne
1176 3916 1252 3955 com·

161 3969 311 4033 parendum
329 3988 388 4023 esse
406 3971 437 4023 in
455 3969 601 4039 splendido
623 3971 744 4035 vestitu,
769 3972 804 4025 nd
821 3980 911 4026 totum
934 3982 1066 4026 senatum.
1110 3972 1251 4025 Conveni-

160 4045 211 4089 unt
227 4054 289 4109 ergo
314 4050 447 4111 sequente
469 4040 515 4093 die
533 4042 664 4095 senatorii
682 4058 777 4095 omnes
796 4042 825 4095 in
848 4044 1010 4097 mutatoriis.
1046 4043 1120 4095 Dein
1138 4042 1251 4096 advenit

161 4108 359 4167 referendarius
374 4111 554 4182 patriarchae,
572 4122 602 4169 et
619 4111 783 4177 sciscitatur,
802 4113 906 4172 velitne
924 4114 1074 4185 Imperator
1089 4111 1250 4185 iubeatque,
