3042 4825
253 173 256 182 ·
314 126 428 230 464»
519 149 806 220 triarnum
832 157 987 222 uanus
1013 157 1176 224 ramata
1275 103 1294 128 ⁶

316 335 360 386 ας
379 304 436 372 καί
452 301 488 372 τὸ
507 303 629 372 ἔλαιον·
671 305 713 372 τὰ
735 308 772 373 δὲ
791 305 891 374 λοιποὶ
910 299 1072 393 βρῗιίοιμο,
1092 302 1189 396 ἤγουν
1208 306 1341 396 inparis,
1361 309 1404 374 a·

313 405 432 485 πόκτιν,
453 403 554 490 rasta,
577 404 702 492 ὀψάρια
721 405 838 488 nautii,
853 407 991 494 σφακτιὲ,
1005 408 1151 494 πρόβατα
1169 403 1307 494 inaura,
1327 407 1404 494 ἆγε·

313 504 408 571 tatia
428 501 596 587 ὑπόμοσχα
618 504 673 568 καί
695 501 779 571 οἶνον
808 502 962 592 ἑγχοίριον
984 513 1173 594 χορηγοῦσιν
1192 506 1224 573 οἱ
1245 531 1405 594 πρατονο-

312 606 437 690 τάριοι.
477 607 672 688 βερτζίτικον
694 604 806 669 δὲκαὶ
830 609 942 690 νεῦρον
972 605 1094 693 ὄφειλει
1123 603 1287 696 ἀγοράζειν
1308 605 1325 672 si
1348 609 1407 671 ἐπὶ

311 706 367 788 τῆς
386 705 542 787 τραπέζης
561 701 653 767 καὶὸ
679 707 863 785 δομὲστικος
879 708 936 788 τῆς
963 705 1154 791 ὑπουργίας.
1195 701 1334 793 ἆρίίλμια
1364 703 1424 770 δὲ5

312 799 367 865 καί
388 803 559 885 κυπρίνοσς
581 797 703 888 ὄφειλει
723 799 810 886 ἔχειν
834 800 897 866 dat
913 807 976 870 τοῖν
995 807 1169 886 βασιλικῶν
1188 828 1402 890 κουρατωρει-

282 895 365 978 pair.
407 897 463 963 καί
481 902 516 966 ἐν
536 891 561 989 ᾧ
582 904 765 966 δαπανᾶται
785 897 806 986 ἦ
826 902 974 988 βασιλικὴ
1003 903 1181 989 ὑπουργία,
1218 899 1300 968 ὅπου
1321 897 1399 990 εῧρη

309 997 407 1064 καλὸν
428 993 511 1064 οἶνον
531 999 587 1064 καί
604 997 711 1066 ἔλαιον
732 999 789 1064 καὶ
819 993 934 1086 ὄσπρια
945 1053 955 1084 ,
993 1005 1046 1068 ἵνα
1078 999 1241 1086 ἐπιβάλλει
1270 1006 1304 1066 ἐν
1334 1010 1402 1076 τοῖς

310 1099 444 1182 ἀγγείοις
467 1099 569 1162 αὐτοῦ
578 1151 589 1182 ,
622 1101 678 1163 καί
696 1095 758 1164 ὅσα
777 1099 904 1178 ξενάλια
936 1104 1078 1189 φέρουσί
1096 1125 1179 1177 τινες
1198 1102 1243 1189 τῷ
1265 1105 1399 1182 βασιλεῖ,

309 1196 351 1262 τὰ
372 1200 433 1280 μὲν
452 1197 600 1283 βρώσιμα
622 1195 814 1281 tentaverat
842 1198 897 1265 ἐπί
922 1203 979 1284 τῆς
1007 1203 1164 1286 τραπέζης
1192 1201 1249 1263 καί
1268 1196 1287 1264 ὅ
1308 1199 1446 1279 duabsu

309 1319 415 1372 στικος
440 1298 497 1381 τῆς
522 1295 697 1384 ὑπουργίας
725 1295 783 1362 καί
809 1295 1002 1375 ὅοίκειακός
1030 1302 1087 1363 καί
1104 1295 1269 1381 βασιλικὸς
1291 1295 1403 1361 κολλά-

310 1417 390 1479 ριος,
410 1395 467 1461 καί
485 1389 563 1459 ὅπου
584 1394 755 1482 προστάξει
777 1394 978 1480 ὄβοσιλεύς,
1000 1399 1205 1478 διανέμουσιν
1222 1391 1316 1462 αὕτα.
1336 1394 1401 1480 χρὴ

310 1499 348 1562 δὲ
380 1491 543 1578 γινώσκειν
569 1492 625 1560 τὸν
653 1496 709 1559 ἐπὶ
732 1499 790 1582 τῆς
818 1498 976 1582 τραπέζης
1006 1497 1062 1559 τοῦ
1083 1493 1168 1578 ἔχειν
1190 1496 1348 1582 φούρνους
1372 1489 1401 1557 δ’

269 1642 278 1656 .
309 1593 390 1680 πρὸς
409 1593 469 1680 τήν
483 1588 643 1678 ἀποβολὴν
662 1597 717 1680 τῆς
737 1597 868 1681 Συρίας,
888 1594 945 1660 καὶ
964 1597 1075 1661 δίκτυα
1097 1592 1178 1682 πρὸς
1198 1593 1234 1659 τὸ
1256 1589 1402 1658 aunxis!-

309 1719 357 1760 ειν
377 1692 418 1760 τοὶ
439 1685 545 1779 ὄρνεα,
567 1691 623 1757 καί
641 1693 881 1775 καυκοπινάκια,
901 1697 955 1759 ἵνα
974 1697 1097 1788 πίνωσι.
1139 1696 1195 1760 καί
1212 1689 1262 1760 ὅτε
1283 1691 1444 1757 κελεύειιό

309 1789 326 1858 ὅ
346 1789 498 1876 βασιλεὺς
518 1791 691 1874 ἀποβαλεῖν
711 1794 746 1856 ἐν
767 1795 868 1882 Συρίᾳ
874 1845 885 1876 ‚
916 1792 1099 1880 ὄφειλουσιν
1126 1792 1289 1881 φορτίζειν
1309 1789 1351 1858 τὰ
1370 1792 1400 1854 π’

309 1889 473 1978 σαγμοίρια
493 1891 551 1974 τῆς
570 1893 724 1971 κομπίνας
744 1885 869 1974 αὐτῶν,
891 1895 946 1958 καί
966 1887 1027 1959 ὅσα
1047 1891 1212 1978 σαγμοὶρια
1232 1894 1363 1976 στρέψει
1383 1886 1403 1954 ὅ

287 1983 556 2073 ςμινσουράτοορ,
591 1989 644 2053 ἵνα
677 1988 806 2055 κοῖκιῖνα
833 1990 980 2080 papaten
1010 1989 1027 2058 ὅ
1051 1994 1108 2076 τῆς
1135 1992 1291 2077 τραπέζης
1309 1983 1404 2054 καὶὸ

313 2089 494 2171 δομίοτικος
524 2089 581 2172 τῆς
609 2087 783 2171 ὑπουργίας
811 2090 906 2154 staff
929 2089 1081 2164 οἰκειακός
1107 2087 1272 2174 βασιλικὸς
1291 2085 1405 2152 κολλά-

312 2209 397 2274 ριος,
417 2186 470 2252 ἵνα
490 2187 564 2252 καθ’
591 2181 771 2274 οἱουτλὴποτε
789 2187 907 2275 τρόπον
925 2186 971 2275 μὴ
991 2192 1086 2278 λιίψη
1106 2213 1139 2254 τι
1158 2189 1204 2265 εἰς
1225 2187 1284 2273 την
1305 2191 1442 2270 βασι-το

201 2357 207 2362 ,
312 2284 401 2371 λικην
422 2285 609 2372 ὖπουργίαν.

313 2432 405 2487 oleum
432 2438 460 2485 et
476 2428 602 2501 phaselos
621 2434 669 2483 aut
686 2428 779 2492 fabas,
802 2436 831 2485 et
847 2448 953 2502 oryzam
972 2438 1001 2487 et
1016 2432 1153 2504 pistacbia
1170 2440 1199 2488 et
1214 2432 1354 2502 amygdala
1372 2438 1403 2485 et

314 2506 402 2558 lentes
420 2502 599 2573 praestabant
618 2502 684 2553 olim
705 2501 804 2554 ambae
828 2507 991 2562 curatoriae.
1027 2506 1141 2576 Reliqua
1160 2520 1224 2558 vero
1243 2504 1351 2565 edulia,
1369 2508 1403 2553 ut

314 2576 440 2637 lardum,
462 2572 591 2641 adipem,
623 2588 745 2633 caseum,
769 2573 932 2626 salsamenta
959 2592 1007 2627 sen
1030 2576 1118 2644 pisces
1140 2577 1229 2627 muria
1257 2573 1401 2633 conditos,

313 2645 1242 2784 ttttttttttttt‘tttt{ittarta„atft‘ttt‘ttt
1255 2653 1403 2765 ‚iiiiii

314 2796 372 2841 tuns
392 2786 474 2854 piscis
502 2782 603 2835 Oxiaui
628 2792 656 2833 et
689 2798 803 2833 neuram
838 2781 922 2855 [qaod
940 2788 1023 2837 etism
1041 2785 1232 2837 salsamentum
1255 2786 1402 2853 piscarium

313 2856 423 2909 videtur
440 2868 498 2905 esse
504 2852 523 2925 ,]
542 2851 646 2905 debent
663 2850 816 2920 praefectus
833 2870 942 2907 mensae
960 2864 988 2908 et
1005 2854 1170 2906 domesticus
1190 2854 1337 2923 bypurgiae
1352 2868 1401 2904 seu

314 2924 462 2979 ministerii
480 2937 578 2973 emere.
615 2921 749 2977 Arithmis
771 2924 881 2976 tandem
900 2923 981 2994 {forte
994 2926 1076 2995 piscis
1095 2924 1189 2996 genus]
1208 2932 1236 2975 et
1247 2927 1334 2993 pisces
1345 2922 1401 2989 Cy-

314 2998 409 3069 prinos
434 2994 518 3046 debet
537 3007 645 3045 mensae
671 2991 824 3061 praefectus
851 3012 867 3045 a
885 2998 966 3063 regiis
988 2995 1130 3047 curatoriis
1156 3001 1259 3065 petere.
1295 2996 1401 3045 Interea

316 3068 380 3119 dum
399 3065 502 3133 regium
529 3065 668 3115 servitium
697 3077 744 3115 seu
770 3074 916 3134 apparatus
942 3066 1071 3117 culinaris
1096 3065 1279 3127 eonsumitur,
1299 3062 1400 3126 debet,

314 3138 473 3206 ubieunque
490 3134 612 3187 lucorum
632 3142 769 3203 praestans
787 3138 881 3187 vinnm
897 3144 926 3187 et
942 3136 1032 3187 oleum
1051 3142 1080 3186 et
1097 3136 1237 3203 legumina
1253 3135 1400 3197 invenerit,

314 3219 471 3277 comparare
488 3201 588 3257 bonam
613 3218 706 3257 eorum
725 3206 832 3273 copiam
853 3215 882 3258 et
907 3222 970 3258 vasa
991 3206 1025 3256 iis
1044 3221 1092 3256 sua
1106 3206 1229 3275 impiere.
1266 3203 1400 3256 Hieislens

334 3277 467 3331 raefeetus
484 3288 592 3325 mensae
617 3282 645 3324 et
672 3272 836 3327 domesticus
856 3276 1003 3327 ministerii
1024 3283 1053 3329 et
1069 3275 1217 3344 peculiaris
1235 3275 1324 3343 regius
1343 3273 1401 3327 eel-

314 3296 397 3401 fsrius
422 3347 575 3414 accipiunt,
600 3346 624 3395 si
650 3346 711 3413 quis
738 3346 899 3416 Imperatori
924 3346 1016 3398 edulia
1041 3361 1092 3415 pro
1111 3345 1272 3397 munusculo
1290 3346 1400 3405 offerat,

315 3434 401 3489 eaque
420 3416 486 3469 iussi
503 3434 517 3467 a
532 3416 651 3467 Domino
672 3412 850 3475 distribuunt.
886 3417 978 3469 Debet
990 3430 1102 3488 quaque
1119 3413 1274 3485 praefectus
1291 3428 1401 3465 mensae

335 3498 433 3543 uetuor
457 3487 599 3539 furnorum
629 3502 685 3538 non
713 3484 854 3550 oblivisci,
876 3504 947 3558 quos
972 3502 1062 3539 secum
1080 3485 1159 3546 feret,
1178 3484 1225 3536 ubi
1247 3486 1277 3536 in
1297 3484 1401 3552 Syriam

311 3508 499 3621 :ferrandum
530 3555 646 3608 babebit
672 3557 738 3607 item
756 3557 843 3621 retia,
875 3555 976 3628 quibus
995 3556 1115 3608 involvat
1131 3564 1161 3607 et
1180 3561 1305 3607 cot-rceat
1322 3555 1402 3624 gatii-

310 3646 377 3689 nas,
395 3645 462 3700 quas
482 3643 573 3679 seeum
586 3624 682 3689 vehet,
707 3634 735 3677 et
757 3643 836 3680 cavas
852 3630 962 3699 patinas
982 3626 1102 3694 ligneas,
1121 3642 1136 3676 e
1156 3623 1257 3695 quibus
1274 3624 1340 3677 ittae
1357 3624 1403 3675 bi·

312 3700 387 3753 bant.
423 3698 533 3750 Debent
556 3712 667 3768 quoque
696 3696 765 3748 dicti
783 3699 850 3761 risi,
871 3694 981 3769 quando
1000 3699 1152 3765 Imperator
1168 3696 1222 3746 iarn
1240 3696 1271 3746 in
1289 3710 1322 3747 eo
1342 3702 1402 3756 est,
1513 3691 1519 3743 Ι

312 3778 345 3823 ut
368 3770 397 3821 iss
416 3770 521 3835 Syriam
542 3768 645 3829 intret,
680 3767 819 3835 octoginta
847 3769 978 3838 sagmaria
1004 3783 1069 3819 suae
1098 3765 1258 3829 cumbinae,
1285 3764 1331 3815 vei
1348 3780 1400 3827 ea,

312 3855 384 3915 quae
402 3855 449 3891 sua
467 3836 622 3905 coniugatio
648 3844 676 3888 et
698 3846 799 3889 tessera
811 3837 876 3890 slata
894 3839 961 3907 ipsis
976 3840 1103 3905 assignat,
1121 3850 1249 3901 onerare3
1265 3837 1332 3887 item
1350 3834 1400 3885 illa

312 3912 403 3965 omnia
422 3910 562 3977 sagmaria,
580 3922 651 3977 quae
669 3917 841 3962 mensuratur
867 3908 1000 3961 haetenus
1022 3927 1037 3961 a
1065 3915 1202 3959 securata
1229 3906 1260 3957 in
1278 3906 1401 3974 ipsarum

312 3999 392 4051 porro
417 3980 499 4031 fldem
523 3987 606 4101 utpute
641 3978 858 4031 sollicitudinem
886 3978 1037 4031 traditurus
1064 3986 1094 4030 et
1118 3978 1262 4029 restiturus
1289 3984 1345 4038 τοις
1363 3990 1400 4028 ne

311 4053 416 4107 seilicet
429 4052 486 4103 ullo
504 4066 548 4103 nro
569 4066 585 4102 ο
603 4049 673 4103 circa
691 4052 796 4120 regium
813 4050 936 4104 euliuare
952 4051 1095 4106 servitium
1113 4046 1222 4119 aliquid
1233 4044 1357 4099 deficiat.
