3042 4825
303 194 380 279 192
513 190 784 261 cousrrmrur
810 190 1176 263 rememoremur

291 348 365 411 -πῶν
392 342 581 428 ταγμάτων,
616 344 673 411 καί
696 348 959 433 προλαμβάνουσι
978 348 1018 414 τά
1039 346 1136 433 σκεάη
1155 345 1235 431 πρὸς
1252 344 1289 414 τά
1312 339 1391 429 ὄψι-

161 449 408 535 irrepentem
428 443 505 520 τούς
526 442 690 522 δεσπότας.
726 453 782 510 καί
803 440 853 511 ὅτε
872 444 974 513 πάντα
995 444 1240 529 irrepentem»,
1263 448 1391 531 ἐξέρχε-

293 568 347 611 ται
368 540 384 606 ό
406 541 555 627 βασιλεὺς
575 545 609 608 ἑκ
625 547 685 607 τοῦ
705 540 924 629 αόγουστέαις,
955 548 1063 632 φοροόν
1091 541 1126 609 τό
1150 543 1388 629 σκαραμόγγιον

293 638 393 709 orituri
413 640 469 706 uui
488 643 597 724 σαγίον
618 646 821 729 πορφυροῦν,
844 639 1069 725 όιγικευόμενος
1088 641 1150 707 sissi
1171 646 1231 707 rori
1251 648 1389 725 κουβου-

295 740 415 823 κλείου,
451 744 506 805 καί
534 742 697 825 ἐξέρχεται
722 745 822 827 μέχρι
851 744 909 806 τοῦ
940 737 1103 823 άνότιοόος,
1142 744 1199 805 καί
1224 745 1345 825 γίνεται
1363 743 1408 828 sifi

267 840 404 928 Βπρυότη
427 837 505 925 riom*
531 842 594 903 τῶν
616 840 790 925 πατρικίων
810 843 845 906 ἐν
864 843 909 927 τρῖ
928 835 1091 930 όνυπυόάρ,
1115 841 1171 905 κατ’
1192 842 1276 923 λέγει
1293 838 1310 905 ὁ
1330 844 1389 926 τῆς

294 936 515 1016 καταπόσεως
542 936 762 1018 ,,κελευ’σατε·”
791 937 848 1003 καί
870 940 1057 1022 ἐπεάχονται
1083 942 1152 1020 ,,ει’ς
1180 936 1315 1017 πολλοὺς
1333 939 1391 1005 κατ’

142 1086 144 1093 -
203 1118 208 1134 .
294 1035 435 1122 οἷγαθοάς
454 1033 621 1121 χρόνους.”
663 1034 718 1101 κατ’
734 1040 945 1123 κατέρχονται
965 1042 1064 1124 μέχρι
1079 1043 1135 1104 τοῦ
1153 1038 1293 1122 μεγάλου
1316 1062 1390 1103 κον-

293 1136 475 1221 σιστωρίοο,
504 1132 581 1199 ἔνθα
606 1136 754 1201 ἵστανται
777 1138 807 1201 οἱ
824 1134 939 1202 tauros
962 1136 1187 1221 κονσιστάριον
1204 1141 1259 1202 καί
1276 1137 1307 1202 οἱ
1322 1143 1389 1201 λοι-

293 1233 349 1300 ποῖ
374 1234 588 1320 συγκλητικοὶ,
626 1238 680 1299 καί
704 1237 851 1300 ἵστανται
872 1235 903 1300 οἱ
929 1234 1079 1301 δεσπόται
1102 1240 1148 1312 εἰς
1170 1235 1207 1300 τό
1227 1236 1431 1322 κιβάριον,ιο

294 1337 350 1399 καί
379 1334 543 1399 πίπτουσιν
573 1331 604 1399 οἱ
637 1333 839 1420 συγκλητικοὶ
868 1337 983 1411 πάντες
1012 1331 1079 1418 άμα
1111 1345 1175 1412 τοῖς
1201 1337 1389 1422 πατρικίοις.

294 1432 351 1501 καί
374 1431 578 1499 άναοτάντιον
601 1427 718 1514 αὐτόν,
755 1434 901 1499 νεύουσιν
925 1429 954 1498 οἵ
983 1433 1133 1497 δεσπόται
1154 1436 1199 1523 τῷ
1219 1438 1392 1521 πραιποσί-

293 1556 347 1623 tp,
384 1530 438 1596 sat
461 1535 545 1616 λέγει
570 1530 589 1596 ό
624 1533 834 1618 σιλεντιάριος
860 1533 1088 1613 ,,κελεόσατε·”
1127 1531 1184 1597 καί
1202 1535 1391 1617 ἐπείγονται

294 1636 364 1716 ,,εἰς
387 1630 524 1708 πολλοός
545 1629 600 1696 κατ’
617 1631 760 1715 άγαθοάς
781 1629 947 1716 χρόνους.”
972 1634 1028 1696 καὶ
1045 1624 1248 1697 άποκινοόσιν
1269 1636 1315 1707 εἰς
1332 1629 1391 1717 τόν

299 1732 465 1818 ἐκκλησίαν
482 1728 535 1796 tirsi
557 1734 619 1796 τῶν
641 1733 783 1813 σχολῶν,
808 1728 848 1794 τά
870 1733 906 1796 δὲ
924 1732 1008 1815 μέρη
1028 1731 1175 1795 ἵστανται
1195 1734 1230 1795 ἐν
1250 1740 1316 1805 τοῖς
1336 1733 1432 1801 τό-ι5

262 1855 364 1913 cuore
394 1826 497 1894 αότῶν
523 1829 713 1914 η’λλαγμένα,
748 1830 973 1915 σφραγίζοντες
993 1832 1048 1893 καί
1066 1826 1170 1910 μόνον.
1213 1832 1393 1916 (Β.)Καί

295 1925 346 1995 ότι
367 1928 495 2017 εἰσέλθῃ
518 1926 534 1993 ὁ
557 1924 708 2009 βασιλεάς
726 1928 772 2001 εἰς
792 1924 827 1991 τό
846 1926 1026 2013 ὡρολόγιον,
1052 1929 1209 2010 σηκοάται
1226 1926 1262 1991 τό
1282 1931 1390 2012 βῆλον,

294 2028 349 2091 καί
367 2026 545 2111 εἰσέρχεται
565 2028 600 2092 ἐν
617 2030 661 2115 τῷ
677 2025 869 2113 μητατωρίρι
891 2029 946 2091 καί
970 2022 1121 2091 ἀλλάσσει
1144 2023 1180 2091 τό
1206 2024 1390 2111 όιβητὴσιον

295 2122 350 2189 καί
366 2122 402 2189 τά
421 2122 598 2203 τζιτζάκιον
608 2176 619 2205 ,
649 2123 705 2189 καί
719 2124 830 2207 βάλλει
852 2122 958 2189 ε’τιάνιο
974 2123 1011 2189 τό
1029 2126 1139 2208 σαγίον
1159 2122 1216 2189 καί
1236 2127 1391 2191 είοοόεόει

294 2219 377 2306 μετά
398 2225 455 2287 τοῦ
474 2221 684 2309 πατριάρχου,
710 2221 766 2287 καί
780 2218 873 2287 ἅπτει
890 2211 1068 2308 κηροόςέἰς
1085 2220 1144 2300 τάς
1166 2225 1310 2309 α’ργυράς
1329 2225 1434 2289 ari-ao

295 2328 354 2396 λας
373 2320 429 2387 καί
448 2318 601 2386 εἰσοόεάει
618 2325 652 2387 ἐν
665 2321 710 2409 τῷ
726 2324 809 2407 ναῷ,
841 2323 896 2385 κατ’
915 2323 1093 2407 εἰσέρχεται
1114 2323 1159 2397 εἷς
1176 2320 1234 2405 την
1250 2322 1392 2387 σωλαίαν

269 2419 352 2486 ,καί
371 2412 501 2505 εὔχεται
520 2406 621 2500 alerci
644 2416 718 2504 άγια
741 2422 852 2505 θυρία,
879 2415 968 2502 όψας
989 2421 1123 2506 κηροάς,
1150 2424 1205 2485 καί
1226 2422 1393 2506 άνάρχεται

297 2521 343 2597 εἰς
361 2517 418 2585 τόν
435 2513 567 2602 άμβοινα
591 2515 660 2602 άμα
679 2523 734 2584 τοῦ
749 2517 970 2603 πατριάρχου.
999 2519 1053 2584 καί
1070 2529 1159 2584 ποιεῖ
1178 2517 1236 2603 τὴν
1256 2519 1354 2602 εάχην
1373 2517 1391 2583 ό

299 2615 500 2704 πατριάρχης
517 2621 571 2684 ἐπὶ
590 2622 645 2704 τῆς
666 2617 842 2703 χλαμόόος,
864 2617 920 2683 καί
940 2612 1014 2684 όταν
1029 2616 1177 2704 πληρώση
1202 2615 1258 2701 τὴν
1277 2617 1388 2702 εάχῆυ,

300 2717 485 2804 ἐπαίρουσιν
501 2717 601 2804 uritis
618 2715 648 2784 οἱ
664 2722 723 2784 τοῦ
739 2719 962 2804 κουβουκλεάιυ
986 2721 1041 2784 καί
1054 2715 1202 2784 tutiores
1220 2719 1265 2806 τρῖ
1281 2714 1437 2783 δισσά-25

375 2856 414 2908 16.
431 2855 630 2924 σφραγλζοντα
647 2851 693 2909 ed.

301 2945 435 3000 Domiuos
458 2949 628 3012 comitaturi,
647 2948 821 3020 depromunt
856 2946 958 3002 Paratis
977 2946 1119 3010 omnibus,
1136 2948 1287 3015 Imperator
1302 2962 1393 2998 seers-

302 3035 365 3071 man
385 3019 411 3068 io
430 3035 480 3070 suo
499 3027 528 3072 ct
542 3034 605 3090 sago
621 3035 759 3088 purpureo
774 3019 906 3082 indutus,
929 3035 963 3070 ex
982 3018 1118 3088 augustali
1155 3017 1275 3079 recedit,
1298 3025 1327 3067 et
1343 3034 1393 3068 cu-

302 3037 445 3140 bieuiariis
470 3105 531 3140 curn
550 3089 765 3154 comitantibus,
793 3089 829 3140 ad
847 3088 1017 3158 onopodium
1031 3035 1219 3158 progreiitur,
1237 3084 1286 3137 ubi
1302 3087 1392 3156 prima

305 3160 427 3228 receptio
453 3160 574 3211 solennis
589 3177 605 3210 n
625 3160 748 3230 patriciis
770 3161 818 3220 iit,
844 3160 1036 3210 cerimoniario
1051 3158 1174 3211 dicente:
1192 3158 1303 3220 iubete,
1325 3154 1393 3208 reii-

303 3230 367 3300 quis
384 3229 611 3282 reclamantibus:
639 3233 674 3284 In
695 3233 782 3284 muita
800 3231 927 3303 bonaque
948 3243 1078 3301 tempor-n.
1120 3228 1186 3279 Inde
1209 3225 1244 3277 ad
1263 3244 1392 3295 magnum

301 3300 495 3352 consistorium
507 3307 639 3370 pergunt,
657 3299 706 3351 ubi
720 3300 845 3352 consules
861 3311 890 3351 et
902 3301 986 3353 ceteri
998 3309 1136 3351 senatores
1151 3297 1305 3366 congregati
1318 3302 1392 3350 sunt:

303 3369 345 3420 ibi
359 3370 471 3422 Domini
494 3371 522 3421 in
545 3369 651 3422 ciborio
670 3373 837 3433 consistunt,
865 3379 1004 3422 senatores
1027 3388 1088 3422 eum
1102 3369 1224 3439 patriciis
1240 3367 1270 3418 in
1291 3375 1393 3420 terram

302 3439 459 3510 procidunt.
495 3441 551 3511 Qui
563 3448 710 3511 postquam
726 3457 876 3504 surrexere,
895 3442 1007 3493 Domini
1022 3440 1180 3511 praeposito
1194 3439 1300 3508 signum
1316 3437 1393 3502 siant,

303 3527 361 3581 quo
377 3511 464 3574 iacto,
483 3511 652 3563 silentiarius
666 3511 747 3564 dicit:
773 3511 887 3575 iubete,
908 3511 991 3563 ceteri
1011 3513 1175 3562 acclament:
1194 3511 1228 3563 in
1243 3509 1330 3562 muita
1345 3510 1394 3562 όο-

305 3599 398 3655 παραυ
414 3595 544 3653 tempcra.
582 3582 693 3634 Domini
715 3598 765 3652 per
783 3581 889 3633 scholar
908 3583 943 3634 art
961 3583 1094 3652 templum
1110 3579 1277 3652 procedunt,
1294 3578 1395 3629 sactio-

305 3667 355 3702 nes
370 3669 433 3702 vero
448 3662 552 3704 mutam
565 3660 640 3704 reste
661 3653 691 3704 in
715 3653 772 3704 suis
786 3651 954 3704 stationibus
968 3661 1077 3722 praesto
1094 3658 1171 3715 sunt,
1191 3662 1269 3701 cruce
1286 3653 1395 3701 tantum

305 3721 369 3775 ilios
396 3723 541 3790 signantes.
585 3722 643 3794 (11.)
668 3725 807 3792 Ingressus
827 3731 919 3773 sutem
932 3723 1103 3792 horologium
1116 3725 1280 3791 imperator,
1301 3720 1394 3771 velum

303 3791 495 3860 suspenditur,
522 3801 588 3844 tune
611 3794 802 3858 metatoriam,
837 3793 1002 3846 dibetesium
1024 3803 1052 3846 et
1070 3791 1224 3845 tritzaeium
1245 3787 1395 3840 induturus

302 3877 335 3912 ae
347 3879 439 3932 sagum
460 3860 502 3914 his
521 3864 801 3932 superimponimus,
830 3881 892 3916 eum
906 3864 1060 3934 patriarche
1078 3866 1106 3914 in
1126 3862 1246 3922 reditur,
1261 3859 1345 3911 cereis
1363 3860 1395 3912 in

301 3933 390 4003 portis
403 3935 537 4004 argenteis
554 3935 684 3998 accensis,
702 3934 837 4004 tempium
849 3935 930 4004 petit,
948 3935 1014 3987 inde
1026 3934 1062 3986 ad
1076 3883 1178 3986 ιοῖειιπ
1192 3929 1259 3992 abit,
1276 3944 1395 4050 crrmpue

303 4004 389 4054 cereis
405 4001 566 4056 ardentibus
581 4004 716 4056 stiraceas
733 4007 830 4057 ianuas
844 4016 985 4074 precatus,
1005 4022 1067 4057 curn
1079 4001 1234 4076 patriarcha
1254 4000 1284 4050 in
1297 4017 1341 4051 em
1363 4016 1397 4050 o-
1446 4008 1452 4022 ’

302 4089 366 4130 nem
377 4075 509 4129 aseendit.
551 4075 594 4129 ibi
610 4075 767 4148 petriarcire
779 4091 875 4148 preses
886 4091 971 4148 super
985 4074 1129 4146 chlamyde
1145 4073 1214 4128 dicit
1219 4107 1229 4138 ,
1246 4070 1349 4142 quibus
1362 4071 1398 4124 ii·
