3042 4825
131 816 255 874 amn
330 810 359 875 Ε
393 810 630 878 ranalcn
662 812 1028 885 lllBLloTllECll
1063 813 1267 879 GRAEC'

138 1286 146 1311 χ
257 1253 418 1293 neaman
440 1254 456 1289 ι
478 1252 592 1291 raanan
615 1252 790 1295 sranrorsrca
805 1252 908 1293 aurci
927 1254 952 1293 r.
966 1240 1107 1292 n-attar.
1123 1253 1182 1301 aaa.
1203 1252 1237 1291 os
1257 1254 1357 1291 consec

305 1340 487 1379 muscatam
504 1341 729 1383 οοιιτιιτιιιηι
745 1340 1091 1393 cmrnosssumucron
1106 1340 1185 1377 σου·
1203 1340 1314 1383 ηοω.

540 1428 746 1479 amarescere,
770 1430 827 1467 cca
848 1428 1065 1467 nortamanni.

261 1557 385 1664 Codex
413 1595 513 1659 bema
539 1608 585 1659 est
604 1599 733 1675 maiori,
765 1617 860 1681 quam
880 1598 914 1659 iu
934 1594 1025 1659 Folio
1045 1616 1158 1657 vocare
1178 1596 1301 1681 solent,
1322 1604 1356 1663 ia

256 1678 448 1743 membranas
468 1702 664 1764 pergamenas
684 1702 796 1763 easque
814 1682 983 1757 firmiores,
1013 1678 1162 1749 laeriores
1190 1692 1283 1763 atque
1303 1689 1355 1745 ni·
1382 1716 1388 1727 ’

255 1765 401 1842 tidiores,
422 1784 515 1846 qnam
534 1766 646 1846 quibus
666 1767 849 1847 postremis,
871 1774 943 1824 ante
962 1762 1200 1846 Typograpbiae
1219 1767 1355 1828 inventi-

255 1867 370 1926 onem,
398 1848 586 1930 temporibus
606 1848 796 1927 utebantur,
826 1857 997 1926 exaratus..
1020 1847 1207 1928 Quanquam
1229 1846 1270 1909 de
1289 1854 1356 1912 eiua

255 1941 354 1991 aetate
374 1942 457 1991 certo
478 1930 603 1993 definire
623 1950 686 1993 non
706 1932 826 2008 ausim,
847 1927 936 1991 illum
947 1939 1051 1989 tamen
1064 1926 1156 2012 longe
1171 1940 1242 1990 ante
1256 1930 1355 1996 Urbis

255 2014 507 2095 expugnationem
528 2016 560 2075 iu
583 2016 649 2095 ipsa
669 2014 799 2075 Graecia
819 2014 967 2093 scriptam
988 2032 1072 2090 esse,
1094 2013 1244 2081 mistimo.
1268 2015 1356 2078 Sum·

254 2116 306 2157 ma
327 2098 408 2155 enim
422 2116 496 2156 cura
510 2106 602 2179 atque
623 2096 800 2157 dexteritate
819 2094 996 2172 confectus,
1016 2106 1053 2154 nt
1072 2094 1261 2178 sphalmata,
1283 2102 1356 2181 qni-

253 2177 312 2239 bns
325 2178 508 2239 recentiores
523 2201 558 2240 ex
572 2179 742 2239 scribarum
756 2179 927 2261 ignorantia
938 2186 1030 2259 atque
1050 2180 1208 2239 oscitantia
1223 2188 1353 2262 scatent,

253 2261 304 2322 v'el
324 2259 410 2321 nulla
430 2260 479 2323 vel
504 2263 611 2345 exigua
638 2264 792 2323 rarissime
816 2270 1000 2323 occurrant..
1028 2260 1071 2320 Et
1105 2260 1176 2322 lieet
1203 2262 1352 2346 elegantia

252 2347 420 2427 scripturae
439 2354 525 2428 tanta
546 2355 714 2429 appareat,
729 2366 765 2407 ac
783 2346 808 2404 si
828 2346 981 2428 integrum
1003 2342 1147 2404 volumen
1167 2365 1231 2408 nou
1251 2347 1351 2411 solum

254 2429 359 2490 eadem
387 2449 503 2506 manu,
531 2429 585 2490 sed
612 2427 720 2489 eodem
748 2426 866 2489 calamo
895 2427 1061 2509 eademque
1089 2427 1140 2490 die
1165 2427 1351 2514 descriptum

254 2523 351 2593 esset,
381 2513 565 2573 Litterarum
592 2521 696 2572 tamen
727 2511 885 2572 character
915 2513 1070 2593 antiquior
1090 2521 1137 2573 est
1157 2523 1188 2573 et
1207 2535 1226 2573 a
1244 2527 1353 2579 nostro

252 2595 385 2656 multum
405 2594 527 2673 differt,
564 2607 656 2678 atque
675 2593 745 2656 ideo
766 2593 927 2656 lectionem
947 2596 1036 2654 initio
1057 2592 1257 2658 difficiliorem
1278 2602 1350 2662 red-

253 2677 315 2760 dit,
335 2699 414 2762 quae
428 2675 589 2740 difficultas
609 2689 737 2760 augetur
756 2699 812 2760 per
831 2676 922 2759 siglas
942 2677 993 2738 vel
1012 2675 1184 2738 litterarum
1203 2689 1350 2766 compen·

254 2761 321 2840 dia,
341 2773 373 2824 et
392 2760 475 2846 qnod
495 2783 586 2824 voces
606 2764 707 2823 minus
728 2761 887 2822 distinctae
906 2759 993 2822 nullo
1012 2759 1195 2844 plerumque
1210 2765 1350 2828 intersti-

254 2847 298 2906 tio
313 2845 369 2908 sibi
384 2846 575 2910 cohaereant.
615 2843 707 2924 Quod
722 2845 863 2926 equidem
884 2848 991 2907 notam
1011 2864 1075 2904 non
1095 2850 1349 2912 contemnendam

254 2930 442 3010 antiquitatis
471 2929 535 2988 CL.
564 2927 729 2990 Salmasius
742 2929 766 3006 ¹)
796 2931 914 2990 assuit.
957 2926 1111 2990 accentus
1131 2928 1241 2992 adiecti
1262 2932 1349 2996 illam

253 3023 311 3071 ne'c
324 3011 437 3072 tollunt
451 3031 507 3072 nec
522 3013 676 3090 minuunt,
689 3033 760 3072 cum
770 3010 811 3071 ab
826 3011 1032 3095 Aristophane
1045 3010 1183 3072 iamdum
1197 3016 1349 3099 investit)

254 3103 287 3154 et
305 3097 337 3154 in
355 3096 564 3156 vetustissimis
585 3105 676 3178 atqua
696 3098 960 3178 praestantissimis
978 3093 1134 3156 codicibus
1148 3117 1239 3180 saepe
1257 3121 1348 3182 repe·

252 3179 380 3241 riantur.
418 3179 552 3240 Externa
572 3177 642 3238 libri
662 3178 773 3254 facies,
801 3177 995 3238 involuerum
1024 3181 1171 3239 nimirum
1199 3201 1235 3241 ex
1262 3187 1347 3246 corio

251 3257 370 3323 bubulo
381 3261 513 3322 ancico
527 3271 668 3322 mustans
688 3281 825 3342 auroque
838 3259 1004 3322 obductum
1019 3273 1111 3344 atque
1124 3263 1243 3346 Regum
1255 3265 1346 3328 Hun-

251 3347 354 3426 gariae
374 3345 524 3428 insignia,
545 3365 623 3426 quae
644 3347 676 3404 in
696 3355 827 3426 utraque
841 3346 927 3426 parte
942 3357 1109 3428 apparent,
1131 3349 1204 3407 satis
1223 3349 1346 3412 demon-

252 3436 369 3504 strant,
388 3449 451 3488 non
479 3428 621 3488 ultinmm
650 3429 729 3490 inter
750 3426 964 3490 celeberrimae
984 3439 1075 3531 atque
1095 3431 1347 3497 instructissimae

251 3507 422 3589 Badensis,
444 3509 504 3572 heu
525 3510 696 3594 piendam!
718 3510 921 3574 bibliothecae
940 3515 1088 3593 κειμηλια
1109 3511 1212 3574 locum
1225 3516 1345 3580 obtinu-

251 3593 319 3656 isse.
359 3593 407 3654 De
427 3614 489 3678 qno
509 3595 589 3656 inlia
609 3593 759 3678 pluribus.
803 3595 863 3655 Sed
882 3607 919 3657 ut
945 3594 984 3656 ad
1008 3597 1153 3658 interiora
1181 3598 1343 3676 accedam,

250 3677 369 3774 primus
401 3688 547 3740 tractatus
579 3699 701 3740 omnem
735 3690 915 3761 apparatum
941 3677 1086 3741 bellicum
1120 3681 1283 3764 omniaque
1303 3685 1344 3746 ad

251 3756 340 3820 allum
360 3763 527 3824 necessaria
546 3765 731 3824 exactissime
753 3761 907 3823 describit.
949 3761 1091 3846 Reliqui,
1122 3766 1200 3825 ritus
1220 3764 1342 3829 ecclesi·

252 3845 382 3922 asticos,
419 3847 598 3907 cerimonias
626 3847 657 3906 in
677 3866 862 3928 unoquoque
883 3845 958 3906 festo
978 3845 1029 3908 die
1057 3846 1213 3908 observari
1238 3849 1344 3912 solitas

251 3924 398 4009 prolixius
419 3941 606 3992 enumerant.
647 3928 727 3990 Hine
748 3950 810 3990 non
824 3926 922 3989 solnm
935 3950 1015 4011 quae
1027 3928 1068 3992 ad
1082 3940 1194 3992 statum
1207 3930 1342 3996 aulicum

275 4058 301 4130 r)
321 4057 437 4129 Epistol.
458 4059 495 4114 ad
519 4061 562 4115 CL
577 4057 748 4122 Samarium.
775 4077 848 4130 quaa
868 4059 1033 4112 ctxxxnr.
1063 4071 1105 4116 est
1126 4061 1157 4120 ia
1180 4064 1247 4120 edit
1266 4067 1338 4120 liur-

324 4131 420 4185 manni
440 4148 467 4203 p.
493 4135 553 4190 186,
573 4147 614 4204 sq.
687 4127 811 4204 a)1dem
836 4129 982 4186 Salmasius
1003 4133 1022 4185 l.
1046 4151 1072 4187 c.
