3042 4825
310 230 1089 309 oncunruou.suusuouzruu.1.6e
1164 204 1248 295 305

148 377 199 452 dre
216 385 324 452 πόντοι
344 386 456 472 &usuri
476 390 546 454 ἐστι
567 383 609 467 τό
630 384 746 471 σκεόη,
769 386 949 465 ἰξιλθόντος
970 385 1001 452 οἱ
1020 388 1145 472 ἡνίοχοι
1165 388 1398 479 instruaris

146 508 231 570 ησαν
249 483 290 549 τό
311 485 551 567 α’ποδιαλόσιμο
572 484 692 566 αδτῶν,
715 487 772 548 καί
791 484 934 551 ἵστανται
954 486 989 549 ἰν
1007 494 1071 561 τοῖς
1090 488 1183 563 ἰδίοις
1198 486 1251 554 τό-

149 606 222 658 ποις
241 582 323 665 μετὰ
343 589 407 649 τῶν
427 585 582 670 ἁρμάτων
603 582 718 662 αότῶν,
740 582 771 647 οἱ
792 585 828 647 δὲ
849 584 1050 669 δημονρόται
1070 588 1125 649 καί
1144 582 1173 649 οἱ
1192 586 1249 670 δή·

147 704 272 767 ριαρχοι
291 683 431 767 διῆλθον
451 687 486 749 ἐν
505 692 577 759 ταῖς
597 686 631 759 ἐξ
652 681 748 757 ἔθους
769 684 943 767 νοθὲδροις
965 675 1097 747 ὄπισθεν
1111 688 1175 749 τῶν
1193 682 1250 769 δὴ-

127 788 229 861 5μων,
250 778 453 864 ἐκδεχόμενοι
473 780 532 866 τήν
553 776 709 865 ἀνατολὴν
728 784 788 845 τοό
809 780 979 862 δεσπότου,
1002 776 1086 857 ὅπως
1106 782 1333 854 duilius-Edi.
1348 800 1397 869 ¹⁷⁸

148 902 203 943 σιν
222 880 354 956 ἕκαστος
374 882 409 944 όν
429 881 474 969 τῷ
495 880 596 946 αὑτοῦ
617 878 717 967 δήμῳ,
738 876 878 956 όπσντες
899 878 929 944 οἱ
949 882 1038 945 ἵπποι
1058 884 1121 947 τῶν
1142 880 1250 968 ἁρμό·

148 1000 214 1041 τιον
242 972 397 1061 όνῆλθον,
433 975 607 1064 όστρατός
634 976 716 1058 μετὰ
745 981 810 1042 τῶν
837 979 1033 1065 φλαμοόλοιν
1063 982 1187 1045 ἵσταται
1215 983 1250 1046 ἐν

148 1084 221 1152 ταῖς
239 1078 365 1165 τάξεσιν
386 1077 502 1159 αότῶν,
522 1075 539 1141 ό
561 1074 666 1151 κοινός
686 1072 764 1152 λαός
785 1077 923 1161 ἀνῆλθον
944 1077 1000 1142 καί
1015 1079 1249 1164 ἐπληρώθησαν

148 1173 191 1240 τὰ
211 1176 336 1261 βάθρα.
378 1174 449 1241 τότε
481 1174 634 1241 εἰοελθοόν
664 1175 684 1239 ό
705 1172 910 1260 πραιπόσιτος
940 1179 1033 1260 δηλοῖ
1048 1180 1092 1265 τῷ
1112 1182 1248 1259 βασιλεῖ,

108 1272 196 1348 τοοός
214 1269 267 1338 ότι
288 1270 415 1339 ἅπαντα
436 1273 549 1356 ἕτοιμοί
571 1274 678 1339 ἐστιν·
721 1273 738 1339 ό
760 1277 796 1339 δὲ
816 1272 965 1354 βασιλεὺς
986 1278 1172 1360 κατέρχεται
1193 1274 1247 1341 διό

147 1374 206 1457 τῆς
223 1374 347 1458 λιθίνης
367 1371 506 1453 στάλας,
543 1372 771 1455 κατερχόμενος
801 1374 837 1436 δὲ
867 1376 950 1456 λέγει
980 1377 1025 1462 τῷ
1054 1379 1247 1465 πραιποσίττρ

145 1470 227 1552 ,,δός
253 1468 530 1552 μεταστόοιμον·”
579 1465 722 1546 κόκεῖνος
751 1473 834 1554 λέγει
860 1469 1004 1554 μεγάλως
1033 1473 1249 1554 „peruertitu-

145 1573 245 1651 μον.”
284 1570 464 1656 εἰσέρχεται
493 1571 528 1634 δὲ
557 1567 743 1653 όβασιλιός
777 1573 811 1635 ἐν
832 1576 876 1657 τῷ
896 1574 1022 1635 κοιτῶνι
1043 1570 1163 1653 atrro,
1194 1570 1251 1636 καί

145 1665 446 1753 προσκαλεσάμενος
467 1665 485 1731 ό
505 1667 714 1755 πραιπόσιτος
732 1665 808 1743 τοός
823 1667 1025 1753 βτστήτορας,
1046 1668 1248 1754 εἰσέρχονται
1338 1658 1341 1665 ⁴

107 1768 205 1839 15qu
222 1767 454 1852 περιβάλλουσι
475 1762 534 1849 τόν
562 1768 702 1849 χλανίδα
730 1769 776 1857 τῷ
796 1770 938 1848 βασιλεῖ,
974 1764 1114 1843 εἰπόντος
1133 1770 1169 1833 δὲ
1189 1770 1249 1833 ταῶ

144 1864 358 1950 πραιποσιτοο
378 1862 604 1947 ,,ιιελεόσατο,”
642 1866 823 1949 ἐξέρχονται
844 1860 874 1929 οἱ
900 1867 1086 1953 βεστὴτορος
1107 1864 1168 1931 ἀπό
1190 1872 1276 1943 corin

145 1965 304 2043 κοιτῶνος,
325 1967 382 2027 καί
396 1966 547 2050 στιφθιίς
565 1959 627 2027 tui
647 1965 708 2027 rosi
727 1960 939 2049 προιποσίτον
960 1962 977 2027 ό
998 1962 1148 2046 βασιλεός
1160 1968 1248 2050 ἔξέρ-

144 2084 240 2145 χιται
258 2054 323 2125 όπό
337 2062 397 2125 τοῦ
412 2064 568 2141 κοιτῶνος,
581 2058 822 2147 δηριχοσόμενος
838 2058 901 2125 ini
926 2063 988 2127 τῶν
1010 2062 1174 2149 ἀρχόντων
1190 2066 1248 2129 τοῦ

146 2161 381 2243 ιιοοβοοκλιιλιο,
405 2157 483 2235 στοὶς
499 2161 534 2225 δὲ
559 2162 605 2234 εἰς
623 2157 658 2223 τό
681 2158 802 2240 στενόν,
825 2159 910 2225 cedes
933 2156 1248 2250 τιῇ’πραιποσι’τιρ,ό

102 2262 185 2327 2⁰03
206 2256 415 2344 πραιπόσιτσς
435 2261 480 2347 τῶ
496 2258 658 2346 όστιαρίιρ,
674 2258 732 2323 καί
747 2254 765 2321 ό
784 2254 944 2344 όστιόριος
960 2260 1080 2343 ιίσόχτι
1095 2259 1172 2337 τσός
1187 2286 1249 2325 παι·

145 2362 305 2446 τριιαλιος,
337 2354 373 2423 τό
395 2358 431 2422 δὲ
448 2360 544 2442 βῆλον
567 2357 624 2440 τῆς
644 2354 744 2441 πόλης
762 2354 883 2441 ἐκείνης
914 2352 1123 2444 σιλεντιόριος
1153 2365 1249 2424 ποιεῖ.

148 2462 219 2546 (Γ.)
237 2456 444 2532 Εἰσελθόντος
461 2459 498 2521 δὲ
515 2456 577 2522 ἔσω
591 2457 621 2522 οἱ
636 2455 795 2542 πατρίκιοι
808 2453 891 2537 μετὰ
906 2458 962 2522 καί
976 2461 1039 2523 τῶν
1054 2459 1247 2543 στρατηγῶν,

146 2556 312 2638 πίπτουσι,
339 2557 396 2620 καί
407 2554 607 2621 α’ναστόντοον
628 2550 745 2636 oricoli,
768 2555 852 2618 νεόοι
877 2553 1061 2637 ὁβασιλιός
1083 2557 1128 2642 τῷ
1150 2579 1247 2640 προι-

146 2655 285 2744 ντοσίτρι,
322 2653 380 2718 κατ’
407 2657 491 2737 λόχοι
520 2656 667 2738 μοχόλοις
695 2654 919 2737 ,,κτλοόσαττ.”
960 2646 1023 2716 όπό
1054 2653 1091 2717 δὲ
1118 2655 1181 2717 τῶν
1215 2653 1248 2717 d«

149 2820 343 2878 decursionem
362 2840 392 2876 se
409 2823 579 2888 accinxisse,
597 2825 683 2894 inque
698 2823 766 2877 locis
786 2825 842 2876 suis
861 2841 922 2878 cum
941 2822 1065 2876 curribus
1084 2824 1248 2876 consistere:
1348 2865 1352 2882 .

148 2896 238 2966 princi
260 2911 290 2946 es
307 2911 372 2945 vero
391 2903 420 2947 et
443 2894 572 2947 tribunos
599 2895 727 2948 factionis
745 2893 781 2945 ud
806 2896 903 2947 solitus
922 2894 1001 2946 redes
1019 2910 1092 2962 poue
1116 2893 1249 2946 lectiones
1337 2917 1341 2940 ι

149 2981 232 3018 uscen
252 2968 325 3026 isse,
352 2971 381 3016 et
397 2963 526 3017 mandute
543 2982 559 3016 n
578 2965 724 3027 Dominis,
749 2973 782 3016 ut
800 2965 902 3034 singuli
920 2965 949 3018 iu
968 2981 1017 3016 suu
1035 2965 1154 3018 factione
1172 2980 1251 3016 ucce-

149 3034 234 3099 dnnt,
260 3041 435 3102 exspectare,
465 3051 550 3106 equos
573 3051 667 3086 omnes
687 3033 812 3086 curribus
838 3035 990 3104 iungendos
1016 3033 1148 3086 adductos
1174 3050 1249 3098 esse,

152 3105 307 3160 exercitum
326 3121 388 3156 cum
409 3104 554 3156 flammulis
573 3105 603 3156 iu
621 3105 678 3157 suis
695 3104 839 3158 ordinibus
860 3106 984 3168 adstare,
1007 3118 1177 3157 communem
1195 3117 1250 3188 po-

149 3177 248 3245 pulum
272 3173 446 3227 adscendisse
473 3169 616 3246 scalasque
635 3191 730 3227 omnes
755 3175 941 3243 complevisse.
979 3171 1058 3227 Tunc
1078 3179 1249 3245 praepositus

150 3245 187 3298 nd
206 3247 404 3314 Imperatorem
423 3245 572 3310 accedens,
598 3253 691 3313 pareto
710 3245 803 3297 omniu
821 3261 880 3297 esse
899 3239 1026 3297 nuntiati
1056 3246 1078 3296 is
1111 3262 1161 3314 per
1187 3261 1248 3297 scu-

150 3317 208 3368 hm
225 3315 364 3385 lapideam
382 3313 566 3378 descendeus,
585 3317 742 3386 praeposito
762 3314 861 3368 edicit;
879 3315 923 3368 Du
942 3331 1116 3384 processum,
1135 3315 1158 3367 is
1177 3315 1249 3368 eluto

151 3402 235 3440 socc:
262 3387 419 3439 Procerum.
456 3386 608 3456 Imperator
626 3385 709 3438 read
730 3381 888 3440 cubiculum
909 3385 1028 3448 confert,
1049 3385 1084 3437 ud
1104 3401 1184 3455 quem
1202 3399 1249 3436 ve·

118 3461 127 3480 ⁸
152 3457 265 3510 utitores
281 3474 298 3508 a
316 3455 473 3525 praeposito
506 3454 627 3508 arcessiti
664 3458 788 3518 intrant,
825 3465 854 3508 et
871 3459 1066 3526 imperatorem
1092 3456 1184 3508 tunica
1203 3457 1249 3507 in·

153 3525 262 3588 duuut,
291 3527 448 3596 praeposito
475 3527 603 3579 dicente:
632 3525 742 3589 Ιαδιτις
770 3525 949 3578 vestitorese
973 3525 1101 3578 cubiculo
1128 3526 1248 3589 abeunt,

153 3598 260 3665 etipse
281 3597 451 3666 Imperator,
481 3614 497 3648 u
520 3598 679 3666 praeposito
706 3605 868 3659 coronatus,
892 3595 1037 3664 praelectis
1062 3594 1183 3648 cubiculi
1202 3614 1250 3649 co-

153 3665 334 3728 mitantibus,
367 3665 499 3729 discedit,
532 3668 617 3737 iuque
643 3675 756 3738 augusta
781 3669 890 3736 porticu
926 3663 1108 3728 constitutus,
1142 3667 1249 3736 signum

175 3739 330 3806 rucposito,
355 3735 401 3788 bic
414 3737 527 3790 ostiario
546 3736 594 3789 dat
602 3774 610 3799 ,
656 3738 685 3788 ui
704 3737 835 3807 patricios
854 3735 982 3799 adducit,
1009 3737 1066 3788 eius
1089 3744 1183 3805 portae
1200 3752 1247 3787 ve·

154 3753 212 3858 ium
237 3805 390 3861 silentinrio
417 3815 539 3864 curante.
574 3755 659 3878 (lusi
676 3805 788 3862 Patricii
813 3807 887 3860 iutro
908 3823 968 3858 cum
992 3807 1114 3872 strategis
1133 3803 1248 3876 ingressi

153 3876 319 3948 procidunt,
344 3876 446 3947 quibus
469 3874 659 3947 surgentibus,
684 3879 834 3946 Imperetur
853 3895 944 3930 rursus
964 3875 1121 3946 praeposito
1140 3878 1249 3944 siguum

154 3945 222 4010 dut,
286 3951 296 4000 i
314 3965 410 4018 magua
427 3965 493 4000 voce
512 3946 658 3999 exclumnt:
682 3947 786 4002 Iubete.
824 3947 866 4000 Ab
885 3946 928 3998 his
947 3945 1098 4015 imperator
1117 3948 1248 4014 stipatus,

82 4037 86 4042 ’
153 4019 186 4070 in
208 3966 359 4070 tridinium
379 4015 489 4086 prodit,
510 4013 560 4069 ubi
579 4035 611 4069 eo
629 4016 675 4069 dle
693 4025 848 4079 coronatur,
869 4016 1007 4088 simulque
1023 4025 1077 4068 tres
1097 4023 1247 4086 quatuorve

154 4087 303 4141 cilentiarii
321 4090 443 4152 intrant,
462 4105 580 4158 quorum
596 4095 653 4141 tres
672 4087 708 4140 nd
725 4086 997 4142 dextrnmiuctiouis
1015 4094 1120 4156 purtem
1137 4103 1152 4138 a
1170 4091 1246 4154 tergo

188 4192 388 4247 consumimus
404 4191 537 4263 Porphyr.
556 4191 614 4247 Vol,
630 4196 653 4245 1.
1012 4207 1046 4243 no
