3042 4825
259 65 346 168 462
463 93 666 159 aramma
691 95 748 160 au
776 99 932 164 mauu
959 101 1124 167 aaaron

259 246 356 312 λιάει.
397 243 516 328 δμοίως
536 249 573 314 δλ
592 250 649 314 καί
676 252 712 315 ἐκ
731 253 798 318 τάν
817 254 968 329 §muare
994 257 1059 321 τάν
1082 256 1379 344 προσφερομένων

260 351 308 436 τῷ
327 353 461 429 βασιλεῖ
476 350 512 413 ἐν
532 352 634 437 καιρῷ
652 353 710 415 τοῦ
729 350 910 438 φοσσάτον.
950 357 1107 437 λαμβάνει
1137 351 1280 438 δκάμης
1298 358 1379 421 τοῦ

261 447 399 531 σιάβλον
431 441 500 529 άμα
529 450 589 542 τῷ.
598 453 824 540 χαρτονλαράρ
855 454 915 516 τοῦ
941 451 1081 536 στάβλοο
1100 457 1138 522 ἐκ
1156 457 1215 521 τοῦ
1235 455 1378 520 εἰδικοῦ

113 548 306 629 Εδὼωόγεῖς
326 543 434 625 ἔξοδον
453 549 564 634 λίτρας
583 547 620 630 γ’.
661 551 718 612 καί
737 547 893 635 &torpeti
920 549 1019 636 κόμης
1048 558 1106 618 τοῦ
1125 552 1264 636 οτάβλοα
1285 550 1373 635 ἅμα

258 648 301 734 τῷ
329 647 554 735 χαρτοολαριλρ
570 650 616 723 εἰς
640 646 677 711 τά
694 647 861 733 κελλάριον
873 649 909 714 τά
926 651 1101 735 βασιλικὸν,
1122 651 1243 730 ὁπόσας
1256 655 1397 739 orpes—5

258 742 375 831 σαύρας
396 743 462 828 ἔχει
482 748 652 828 βασιλικάς
670 751 727 814 καί
743 753 1000 833 ιιαβαλλοκιλάιια
1020 751 1083 818 άπὸ
1103 755 1233 830 Λυδίας
1249 755 1287 819 ἐκ
1299 757 1371 838 τῆς

259 848 494 932 ιιονρατωρείας
512 848 576 912 τάν
599 851 785 934 Τρυχίνιον.
828 852 885 915 καί
902 849 1059 935 λαμβάνει
1084 851 1124 917 τά
1144 853 1173 918 σ’
1194 874 1370 936 σάγματο-

142 996 147 1013 r
259 943 469 1028 πασμαγάδια
499 944 667 1032 προσάπαξ
695 949 730 1013 ἐν
759 950 808 1036 τῷ
841 951 941 1036 καιρῷ
968 952 1025 1015 τοῦ
1047 952 1209 1038 φασσάτοο
1229 947 1272 1015 τά
1291 977 1369 1035 μιγ-

259 1040 392 1109 τατινά.
433 1043 550 1126 ὁμοίως
573 1049 628 1111 καί
648 1045 688 1113 τά
717 1047 767 1133 ρδ
787 1046 1141 1133 σαγματοπασμαγάδια
1169 1045 1363 1136 προσάπαξ·

260 1139 346 1224 άμοδ
370 1144 722 1242 σαγματοπασμαγάβια
742 1146 803 1212 ιδ’.
845 1146 903 1212 καὶ
925 1147 1008 1232 πρὸς
1037 1145 1263 1235 ἀναπλήρωσιν
1291 1153 1415 1216 rubrae

228 1255 236 1265 “
260 1239 333 1330 φπά
353 1248 729 1329 σαγματοπασμαγαδιλον
748 1247 906 1331 ἀγοράζει,
927 1239 1025 1331 ἤγουν
1042 1246 1084 1312 τά
1106 1245 1296 1335 δφειλάμενα
1317 1251 1364 1312 ά-

183 1361 185 1371 “
260 1345 456 1427 γορασθῆναι
476 1341 531 1408 καὶ
563 1349 764 1429 συσταθῆναι
793 1349 991 1431 στρατοῦραι
1021 1345 1077 1410 καὶ
1104 1345 1251 1430 σάγματα
1271 1345 1363 1414 σπα’.

261 1443 333 1506 δέον
353 1442 389 1506 δὲ
411 1441 578 1527 ἀγοράζειν
600 1442 714 1531 ῥασικά
736 1439 859 1531 άμάλια
879 1443 936 1509 καί
961 1443 1092 1529 βάπτειν
1112 1447 1269 1532 άληθινά,
1302 1447 1364 1512 καί

261 1548 365 1606 ποιεῖν
384 1543 567 1625 σαγίσματα
588 1547 645 1608 καί
664 1541 820 1628 βοριιάδια
842 1545 898 1632 ρι’.
925 1543 982 1609 καί
998 1542 1039 1611 τά
1059 1547 1120 1628 μὲν
1139 1545 1167 1631 ρ’
1187 1546 1270 1635 λόγῳ
1291 1547 1361 1611 τῶν

236 1643 538 1726 Βπαρασορομένων
571 1639 732 1728 ἱππαρίων
759 1640 940 1729 ἔμπροσθεν
960 1646 1020 1709 rori
1040 1647 1212 1727 βασιλέως·
1253 1643 1295 1711 τά
1318 1645 1406 1716 δὲιό

261 1737 388 1829 λ’·λάγιρ
411 1745 475 1806 τῶν
495 1744 668 1823 βασιλικῶν
687 1745 879 1827 σελλαρίων,
913 1742 970 1808 καὶ
995 1742 1036 1807 τά
1056 1741 1081 1806 κ’
1102 1741 1185 1832 λόγῳ
1215 1745 1284 1809 τά»
1300 1739 1360 1807 διά

261 1841 411 1920 §maitiae
432 1840 606 1922 διδομένων
630 1839 807 1926 ἱππαρίων.
848 1840 905 1906 καί
931 1841 1084 1930 τάγιστρα
1112 1843 1148 1908 ἐκ
1167 1845 1227 1906 τοῦ
1245 1847 1360 1906 κελλα-

263 1941 335 2024 ριὀυ
365 1941 422 2003 τοῦ
445 1941 611 2021 βασιλικοῦ
633 1940 795 2006 α’ποθέτοο
818 1943 876 2005 rori
902 1939 1039 2024 στάβλον
1059 1941 1104 2027 ρν’
1113 1966 1122 1986 ·
1163 1940 1282 2021 ὁμοίως
1301 1943 1359 2005 καὶ

260 2036 423 2124 βορσάρια
444 2039 498 2102 διά
517 2035 551 2103 τὸ
571 2043 720 2121 γενέσθαι
749 2042 920 2125 καπίστρια
951 2038 1022 2124 ρπ’·
1064 2043 1121 2104 καί
1150 2035 1356 2124 ἓξακάνδηλα

260 2135 340 2225 λόγῳ
361 2135 529 2220 κοδραίας,
562 2137 617 2203 καὶ
641 2137 737 2204 α’σκία
760 2140 811 2217 εἰς,
829 2132 913 2203 οἶνον
943 2140 998 2204 καί
1021 2129 1091 2216 ὅξος
1112 2137 1194 2229 λάγιρ
1214 2143 1278 2205 τάν
1295 2163 1396 2208 rra-ao

260 2295 429 2366 largitiones.
467 2295 563 2349 Comes
582 2295 686 2349 stabuli
705 2304 734 2349 ct
750 2296 932 2350 chartularius
950 2296 1051 2350 stabuli
1069 2300 1210 2369 accipiunt
1226 2299 1262 2351 ab
1280 2299 1354 2353 idico

260 2366 338 2422 litias
358 2375 411 2421 trcs
430 2365 464 2419 ad
483 2377 587 2420 sumtus
605 2367 745 2420 iaciendos
765 2366 807 2437 [in
825 2385 856 2420 ea
876 2385 974 2439 nempe
995 2371 1193 2440 comparanda,
1212 2387 1281 2443 quae
1300 2380 1356 2423 sta-

260 2439 313 2489 tim
338 2437 488 2559 dicenturp
533 2438 642 2491 Deinde
668 2439 786 2491 lustrant
808 2440 948 2491 cellarium
972 2440 1116 2509 imperiale
1144 2450 1173 2493 et
1190 2442 1352 2512 inquirunt,

282 2516 331 2563 uot
347 2510 377 2561 iu
397 2526 430 2561 eo
450 2526 464 2559 a
486 2508 542 2561 sint
559 2516 690 2561 straturae
708 2511 799 2579 regiae
819 2518 848 2561 et
865 2511 957 2563 cilicia
974 2512 1019 2562 rel
1036 2512 1108 2562 liltra
1126 2528 1176 2580 pro
1196 2512 1320 2575 caballis,
1337 2528 1354 2564 c

260 2526 348 2649 brois
367 2596 400 2632 ca
422 2580 557 2631 curatoria
576 2578 778 2645 'l’rychiaorum
796 2583 891 2649 petita.
929 2581 1020 2633 Sumit
1037 2580 1103 2632 iude
1127 2599 1217 2634 comes
1237 2582 1353 2647 ‹locsnta

257 2650 551 2723 sagmatopasmagadia
580 2650 712 2701 metatina
743 2666 791 2701 acu
817 2658 941 2720 tempore
970 2651 1066 2703 fossati
1095 2652 1223 2719 imperari
1252 2660 1280 2703 ct
1295 2653 1352 2705 clari

257 2732 391 2775 consucta
410 2722 508 2786 simu13
531 2728 560 2773 et
587 2720 652 2772 cleia
681 2721 765 2771 sumit
785 2738 895 2790 quoque
925 2721 979 2772 alia
995 2718 1078 2791 [doni
1107 2723 1220 2773 nominc
1239 2721 1350 2796 oblata]

258 2801 370 2847 centum
389 2801 417 2845 et
445 2800 564 2863 quatuor
588 2791 881 2860 sagmatopasruagaclia
905 2791 994 2842 simul.
1031 2780 1188 2843 conficiunt
1205 2791 1275 2844 baec
1292 2795 1350 2861 3⁰4.

260 2864 384 2934 Reliqua,
407 2878 477 2933 quac
495 2862 597 2913 slesuut
622 2860 657 2913 ad
675 2860 865 2931 complendum
889 2878 1031 2913 numerum
1057 2862 1107 2913 585
1126 2873 1350 2931 sagmatopasma·

260 2933 412 3005 paulorum,
429 2932 460 2985 id
479 2940 521 2984 est
538 2935 586 2986 281
611 2940 739 2984 straturae
757 2931 802 2983 rel
821 2934 967 3001 stragulas,
986 2941 1015 2984 et
1031 2940 1148 3000 sagmata
1166 2950 1215 2984 seu
1234 2935 1351 2986 sarcinas

260 3004 306 3055 ¹ecl
328 3004 461 3068 bisaccio,
488 3006 542 3055 emi
568 3011 596 3055 et
622 3003 773 3073 comparari
800 3001 912 3064 debita,
938 3003 1006 3053 emit
1024 2998 1089 3072 [pro
1110 3002 1167 3054 illis
1187 3002 1277 3054 tribus
1294 3005 1350 3057 aurl

261 3076 349 3139 litiis,
367 3092 434 3145 quas
453 3075 534 3126 modo
554 3072 710 3125 dicebamus
722 3073 756 3124 ab
773 3071 845 3124 iclico
865 3071 1011 3144 praebetil.
1048 3070 1140 3124 Debet
1153 3082 1244 3124 autem
1263 3091 1348 3127 cmcrc

263 3148 350 3199 rasica
376 3144 492 3208 amulio,
519 3143 548 3195 icl
577 3152 619 3197 est
645 3158 718 3196 rasus
744 3160 792 3194 scu
829 3143 970 3211 grossioris
998 3142 1037 3192 iili
1067 3141 1161 3195 laneos
1189 3142 1349 3197 delloccatos

261 3234 379 3289 paunus,
398 3229 500 3287 cosque
516 3232 608 3266 curare
626 3214 717 3267 colore
738 3230 875 3283 purpureo
894 3212 981 3263 imbui
1006 3221 1035 3265 ct
1059 3212 1126 3265 inde
1143 3215 1203 3266 fieri
1222 3217 1349 3283 sagisma-

263 3296 292 3340 ts
310 3305 359 3340 seu
387 3293 516 3339 straturae
549 3287 665 3355 cqrsiuas
693 3292 721 3335 et
745 3283 874 3335 borcaslia
899 3286 964 3345 1503
982 3299 1037 3353 quo
1056 3283 1092 3335 de
1109 3301 1224 3336 numero
1242 3295 1348 3337 centum

264 3358 376 3429 quidem
404 3356 540 3409 destinata
563 3364 628 3407 ssmt
655 3352 711 3407 illis
734 3363 842 3406 centurn
878 3355 972 3425 cquis,
995 3353 1043 3425 qui
1070 3370 1160 3406 coram
1183 3356 1347 3424 Imperatore

264 3430 318 3480 iter
353 3428 471 3481 faciente
504 3425 707 3497 praeducantur
734 3432 762 3476 et
784 3424 1006 3495 praeambulant,
1029 3423 1143 3493 triginta
1161 3441 1225 3476 vcro
1249 3425 1347 3478 cedunt

264 3499 382 3551 sellariis
401 3500 480 3568 equis
506 3496 707 3567 imperialibus,
733 3502 762 3547 et
788 3496 884 3562 viginti
901 3495 1012 3547 taudem
1031 3496 1110 3564 cquis
1130 3495 1203 3556 illis,
1221 3495 1270 3567 qui
1289 3513 1346 3547 mu·

262 3570 324 3622 neri
346 3570 454 3621 dautur.
498 3570 585 3621 Etiam
614 3565 760 3619 acellario
792 3566 883 3633 regiae
910 3563 1060 3634 apothecae
1078 3565 1180 3617 stabuli
1198 3567 1282 3617 sumit
1301 3567 1346 3619 abu

263 3642 377 3709 tagistra
423 3638 487 3709 {sorr
534 3656 623 3690 saccos
663 3637 874 3707 pabulatorius,
915 3636 1009 3705 quales
1043 3652 1176 3705 equorum
1212 3636 1344 3705 capitibus

263 3712 437 3783 alligantum]
463 3718 491 3763 ct
509 3711 582 3761 curia
600 3727 649 3778 pro
674 3706 848 3761 conficiendis
875 3706 941 3759 iudo
969 3707 1091 3774 capistris
1121 3709 1185 3768 180,
1217 3714 1247 3757 ct
1266 3704 1345 3759 bers-

263 3781 389 3835 cantbela
410 3780 467 3851 {suu
485 3781 646 3850 repositoria
672 3788 793 3841 scortea,
818 3778 925 3846 singula
957 3792 1034 3828 senas
1060 3776 1204 3845 amphoras
1230 3784 1344 3830 scorteos

264 3853 338 3905 intus
362 3850 492 3905 habentia
512 3850 529 3924 ‚l
556 3868 606 3920 pro
632 3850 728 3901 cedrea
746 3849 790 3899 vel
819 3847 951 3917 godrouio
973 3847 1014 3898 ibi
1040 3845 1199 3913 condend03
1223 3854 1252 3897 et
1275 3856 1343 3900 utras

264 3926 395 3993 provino
414 3932 441 3976 et
463 3930 540 3975 aceto
553 3922 586 3975 asl
607 3922 774 3973 curationem
788 3920 984 3989 aegrotantium
1010 3919 1195 3969 iumentorum
1213 3915 1345 3969 adblben·

265 3991 309 4045 do.
362 3992 524 4065 Axiuorygia
558 4008 669 4063 quoquo
696 3991 846 4060 comparari
869 3988 973 4042 debeat
996 4005 1046 4040 seu
1070 4004 1177 4040 secures
1203 3987 1344 4049 aedendis
