3042 4825
347 198 403 261 os
429 194 625 263 marmori.
655 192 792 259 Amas
817 192 987 258 οτιιατ.
1006 195 1033 257 1.
1047 196 1104 267 οι.
1200 154 1282 276 τδρ

171 352 388 438 ἐπέρχονται
408 354 443 419 ἰν
461 352 503 439 τῇ
531 347 677 439 δκιιλησίρ
697 353 755 434 τῆς
774 347 949 433 δπεραχίας
970 342 1126 412 Θεοτόκου
1145 346 1202 432 τῆς
1221 373 1283 433 πη-
1381 358 1386 367 ’

174 456 258 537 γῇς,
278 452 401 517 κάκεῖσε
417 448 614 515 ἀλλάσσουσι
628 446 669 513 τό
688 444 813 512 ἑαυτῶν
833 442 928 510 λευκά
945 441 1124 529 διβητὴσια,
1143 449 1198 510 καί
1217 449 1283 512 εἰσ-

184 551 374 617 οδεάουσιν·
413 549 491 634 ἡδὲ
511 544 694 633 όιιοοτροφῇ
721 554 857 611 τελεῖται
884 542 992 619 καδῶς
1019 546 1073 607 καί
1091 546 1132 629 τῇ
1152 546 1284 634 δευτόρρ

184 650 250 733 τῆς
270 647 530 732 διακαινησίμου.
571 646 695 729 ἰστέον,
731 640 781 709 ότι
800 646 840 732 τῇ
860 636 955 729 ἑορτῇ
982 645 1037 726 τῆς
1057 642 1130 717 νέας
1148 641 1285 725 μεγάλης

154 749 359 833 Ξόκκλησίας
391 745 604 813 ἀλλάσσουσιν
635 742 666 809 οῖ
696 743 845 810 δεσπόται
873 739 1038 825 διβητῇσια
1058 743 1210 825 πορφυροῖ
1229 740 1286 805 κατ’

187 843 249 921 τάς
270 844 389 909 τοάτων
406 841 584 927 χλαμάδας.
621 844 732 925 ἰστέον,
756 837 806 907 ότι
824 842 865 929 τῇ
885 836 981 926 ἑορτῇ
999 841 1056 922 τῆς
1074 841 1284 922 πεντηκοστῆς

188 940 406 1007 ἀλλάσσουσιν
425 940 455 1007 οἱ
477 942 629 1007 δεσπόται
649 944 685 1007 ἀν
699 942 745 1030 τῇ
764 942 886 1005 κοιτῶνι
905 941 962 1024 τῇς
978 938 1101 1024 δάφνης
1120 934 1215 1001 λευκά
1238 939 1283 1001 δι-

189 1038 329 1125 βητὴσια
348 1043 404 1106 καί
422 1038 479 1119 τάς
499 1038 622 1106 miror
638 1038 807 1123 χλαμύδας
827 1042 883 1104 καί
901 1041 1065 1119 πέμματα
1087 1033 1219 1121 ῥοόσια,
1247 1038 1412 1111 ismael

191 1141 230 1206 sii
257 1142 298 1229 τῇ
317 1138 504 1229 ἀποστροφῇ
534 1142 703 1223 στέμματα
726 1138 836 1207 λευκά.
892 1140 980 1225 (Β.)
1003 1130 1137 1217 Ἰστίον,
1170 1130 1221 1200 ότι
1240 1138 1318 1224 τῇο

142 1234 287 1328 ιοὲορτῇ
307 1242 371 1305 τῶν
391 1240 490 1323 ἀγάον
518 1240 645 1305 πάντων
674 1237 920 1326 περιβάλλονται
950 1236 981 1303 οἱ
1008 1235 1159 1303 δεσπόται
1177 1236 1286 1321 χρυσῶ

190 1336 416 1425 σκαραμάγγια
427 1390 436 1419 ,
458 1332 512 1407 oia
532 1336 714 1420 κελεόουσι,
735 1340 791 1401 καί
808 1340 975 1418 στέμματα
996 1334 1131 1418 ὅμοιὀος.
1173 1336 1285 1419 ἰστέον,

190 1434 244 1503 ότι
263 1430 359 1522 καίἦ
379 1432 473 1523 ἑορτῇ
494 1440 557 1501 τῶν
578 1434 675 1521 άγάον
695 1431 882 1501 ἀποστόλων
904 1432 1020 1516 όμοόονς
1036 1440 1179 1501 τελεῖται.
1199 1436 1285 1501 ioti-

191 1560 245 1617 ον,
267 1530 316 1601 ότι
334 1539 376 1623 τῇ
395 1534 491 1623 ἑορτῇ
510 1538 567 1601 τοῦ
589 1535 681 1619 ἁγίου
706 1533 818 1599 Ἠλίου
849 1530 1061 1599 ἀλλάσσουσιν
1081 1530 1112 1598 οἱ
1132 1531 1284 1599 δεσπόται

192 1632 361 1720 διβητῇσια
382 1636 535 1721 πορφυρῶ
555 1638 610 1699 καί
630 1632 687 1709 τάς
706 1632 828 1699 τούτων
845 1632 1034 1715 χλαμόδας.
1074 1632 1191 1713 ἰστδον,
1231 1626 1282 1697 ότι

150 1736 233 1821 ιότῇ
252 1730 347 1821 ἑορτῇ
366 1727 715 1821 τῇςμεταμορφιόσειος
734 1734 769 1799 δν
796 1735 841 1819 τῷ
861 1734 988 1797 κοιτῶνι
1005 1734 1061 1815 τῆς
1082 1728 1205 1817 δάφνης
1224 1731 1283 1797 ἀλ-

190 1832 365 1899 λάσσουσιν
385 1830 414 1897 οἱ
435 1830 583 1899 δεσπόται
604 1832 699 1898 λευκὰ
728 1829 895 1917 διβηιῇσια
921 1832 978 1895 κατ’
994 1827 1051 1906 τάς
1069 1829 1185 1896 τοότοιν
1202 1836 1284 1913 χλα-

189 1930 299 2014 μόδας
321 1930 378 1995 καί
394 1930 559 2014 στέμματα
579 1929 743 2017 Πράσινα,
764 1932 799 1995 ἑν
819 1934 855 1998 δὲ
872 1932 914 2019 τῇ
933 1928 1122 2018 ἀποστροφῇ
1141 1929 1284 2011 στέμμα-

190 2054 234 2093 τα
252 2028 361 2094 λευκά.
392 2032 504 2111 ἰστέον,
526 2024 635 2119 ὅτιτῇ
654 2024 746 2119 ἑορτῇ
765 2032 822 2113 τῆς
841 2028 1014 2114 κοιμήσεως
1032 2031 1087 2113 τῆς
1109 2028 1284 2114 impertire
1329 2023 1336 2038 '

193 2130 352 2194 Θεοτόιιου
374 2125 583 2195 ἀλλάσσουσιν
604 2130 635 2194 οἱ
654 2126 802 2195 δεσπόται
821 2128 884 2193 ἀπὸ
912 2130 972 2193 τοῦ
996 2128 1153 2195 παλατίου
1180 2126 1221 2192 τά
1248 2125 1284 2193 ά·

148 2232 248 2308 coela
269 2227 390 2293 τούτων
409 2226 642 2312 σκαραμάγμια,
662 2229 718 2295 καί
737 2229 952 2312 εἰσερχόμενοι
971 2230 1018 2305 εἰς
1045 2225 1101 2293 τόν
1122 2225 1282 2313 δρόμανα,

189 2320 387 2414 ἀπέρχονται
402 2330 436 2393 ἑν
449 2330 494 2416 τῷ
508 2330 573 2415 ναῷ
589 2330 644 2412 τῇς
663 2326 838 2414 δαεραχόας
852 2324 1007 2393 Θεοτόκου
1026 2329 1061 2394 ἑν
1079 2330 1313 2411 mugientem

189 2423 225 2492 δν
245 2431 282 2492 δὲ
302 2432 347 2516 τῷ
365 2429 466 2492 ἐκεῖσε
486 2429 613 2492 κοιτῶνι
632 2427 847 2493 ἀλλάσσουσιν
876 2423 908 2490 οἱ
928 2423 1079 2495 δεσπόται
1094 2423 1134 2493 τά
1154 2449 1282 2513 πορφυ-

191 2531 236 2612 ροῖ
257 2526 425 2610 διβητῇσια
446 2528 500 2590 καί
518 2525 577 2602 τάς
596 2523 715 2592 τοόταν
735 2527 915 2610 χλαμύδας.
945 2527 1059 2607 ἰστέον,
1082 2520 1130 2590 ότι
1147 2528 1188 2614 τῇ
1210 2518 1281 2608 ἑορ-

194 2625 237 2712 τῇ
256 2626 313 2688 rosi
332 2623 471 2707 γενεσίου
491 2629 546 2709 τῆς
576 2625 749 2710 όπεραχόας
772 2627 930 2691 Θεοτόκου
959 2627 995 2692 ἰν
1012 2629 1056 2714 τῶ
1075 2627 1204 2690 κοιτῶνι
1223 2625 1282 2708 τῆς

149 2723 316 2810 ς5δάφνης
336 2718 548 2791 ἀλλάσσουσιν
569 2725 600 2790 οἱ
620 2725 773 2791 δεσπόται
793 2725 963 2813 διβητῇσια
980 2725 1133 2813 πορφυρᾶ
1148 2720 1204 2794 καί
1222 2720 1281 2800 τάς

263 2875 303 2946 ιδ
319 2865 356 2929 τό
370 2874 456 2947 διβητ.
471 2876 514 2930 οδ.
587 2879 626 2932 τό.
646 2875 795 2947 διβητόοια
807 2894 861 2930 om.
875 2877 919 2932 εδ.
993 2895 1032 2948 ¹7·
1050 2875 1083 2932 ἰν
1093 2873 1124 2932 τὶ
1137 2877 1172 2949 τῇ
1183 2876 1228 2936 ed.

188 3020 299 3072 sanctae
312 3011 448 3082 Deiparae
460 3012 579 3066 sontium
591 3013 687 3066 aedem
699 3013 813 3077 abeunt,
830 3013 959 3084 albisque
971 3011 1114 3064 dibetesiis
1129 3012 1185 3064 suis
1197 3009 1280 3065 indu-

189 3085 230 3146 li,
249 3083 520 3152 eamingrediunlur:
539 3091 623 3154 atque
632 3085 682 3148 im,
694 3092 727 3136 ut
737 3085 767 3136 in
782 3084 900 3137 secunda
914 3082 1098 3136 renovationis
1108 3083 1280 3136 animadver-

188 3155 289 3219 limus,
315 3152 438 3205 redeunt„
475 3157 506 3206 ln
527 3155 598 3206 fesso
617 3171 703 3207 novae
718 3171 832 3223 magnae
845 3155 975 3207 ecclcsiae
994 3153 1130 3207 dibetesia
1141 3169 1279 3224 purpurea

182 3229 308 3295 'suasque
331 3225 435 3276 tunicas
454 3225 587 3278 induunt:
615 3225 727 3278 inlcslo
746 3234 920 3295 pentecostes
937 3242 1000 3277 vero
1026 3225 1057 3278 in
1075 3225 1202 3277 cubiculo
1229 3225 1279 3276 δα-

186 3293 277 3364 plmes
299 3294 415 3346 eandida
435 3311 496 3347 cum
517 3296 635 3361 tunicis,
657 3313 729 3367 quse
753 3295 789 3348 ad
806 3313 839 3348 ea
861 3297 1016 3366 pertinent,
1034 3313 1148 3348 coronas
1165 3311 1279 3366 quoque

188 3365 304 3430 rubras,
323 3367 352 3416 in
365 3364 455 3417 reditu
473 3382 537 3418 vero
553 3365 630 3419 albas
654 3367 739 3436 capiti
757 3369 912 3438 imponunt
949 3367 1008 3440 (ll.)
1026 3367 1142 3419 infesto
1155 3368 1279 3435 omnium

155 3482 160 3498 ,
187 3444 345 3488 sanctorum
360 3437 472 3488 Domini
490 3453 572 3489 aurea
594 3439 796 3507 scaramangia,
814 3455 885 3509 quac
905 3437 1020 3500 volunt,
1039 3445 1068 3489 et
1083 3438 1188 3506 pariter
1201 3454 1281 3489 coro-

187 3514 378 3574 πειρατικοῖς
404 3507 479 3577 quod
497 3509 527 3560 iu
546 3517 700 3559 sanctorum
719 3525 832 3580 quoque
847 3508 1042 3578 Apostolorum
1068 3507 1139 3560 sesto
1160 3507 1280 3561 oblinet

186 3577 220 3628 In
238 3575 284 3628 dic
306 3577 332 3630 S.
355 3577 431 3630 Eliae
450 3595 525 3630 sacro
548 3577 683 3630 dibetesia
705 3595 843 3649 purpurea
864 3588 893 3632 et
912 3581 1018 3630 tunicas
1039 3578 1163 3630 eiusdem
1180 3579 1281 3631 eoloris

188 3654 303 3716 gestant
345 3648 425 3700 Festo
450 3649 696 3718 transfigurationis
718 3651 747 3701 in
767 3650 896 3702 cubiculo
920 3648 1043 3719 daphnes
1061 3647 1125 3699 alba
1143 3648 1280 3701 dibetesia

189 3725 219 3768 et
232 3715 387 3786 chlamydes
401 3717 487 3784 albas,
506 3736 618 3772 coronas
631 3735 695 3770 vero
708 3721 846 3782 Prasinas,
865 3729 893 3772 et
907 3723 938 3772 in
950 3721 1041 3773 reditu
1053 3719 1140 3782 albas,
1157 3727 1279 3774 sumunt.

184 3787 220 3839 *ln
236 3790 366 3840 memoria
383 3789 475 3842 obitus
491 3791 517 3844 S.
529 3792 663 3860 Deiparae
677 3791 706 3841 in
721 3792 825 3860 palatio
838 3793 959 3852 ¹violaceo
975 3791 1158 3859 scaramangia
1170 3808 1219 3841 sua
1235 3792 1280 3842 in-

187 3855 296 3921 duunt,
320 3867 349 3910 ct
360 3876 506 3914 conscensa
521 3877 604 3925 nave,
619 3861 762 3914 adsedem
776 3863 802 3914 S.
815 3863 951 3932 Deiparas
961 3864 991 3912 in
1005 3859 1160 3913 blachernis
1173 3861 1279 3913 vehun-

187 3933 251 3990 tur,
279 3928 308 3980 in
331 3945 364 3980 ue
383 3929 526 3996 cubiculo,
550 3932 627 4002 quod
650 3932 690 3984 ibi
712 3933 926 3997 conliteamur,
950 3948 1088 4003 purpurea
1101 3930 1236 3982 dibelesia
1250 3938 1280 3982 et

186 3997 291 4050 similes
307 3946 477 4071 διλοαιχδειη
496 4003 525 4054 in
541 4003 685 4056 nativitate
697 4004 723 4057 S.
736 4003 856 4073 Virginis
870 4003 1007 4074 Deipame
1024 4019 1088 4056 vero
1106 4003 1136 4053 ln
1150 3999 1277 4052 cubiculo

186 4065 311 4140 daphnes
325 4069 463 4126 diocessis
482 4089 623 4146 purpurea
636 4090 669 4128 ac
680 4073 785 4129 similes
796 4071 953 4145 chlamydes
966 4073 1102 4130 iuduunt:
1122 4078 1152 4125 'el
1170 4071 1201 4124 in
1212 4086 1278 4143 pro-
