3042 4825
253 204 321 269 ιιι
371 263 375 272 ,
442 200 500 265 ιο.
533 200 659 293 usna.
690 199 843 266 minan
873 198 1180 265 cmnmnrsno
1259 161 1264 172 ’

253 365 323 417 rant
344 354 493 415 intestinis
514 352 613 431 odiis,
635 364 685 429 et,
716 353 816 415 divisa
835 355 916 415 inter
934 322 1040 437 plures
1067 356 1224 439 potentia,
1253 372 1303 417 res
1322 352 1362 415 im

254 458 409 501 summum
429 437 592 499 discrimen
613 436 780 498 ambitione
799 439 974 521 principum
996 448 1062 499 erat
1082 438 1241 520 perducta.
1265 436 1363 497 Prae-

254 526 343 603 cipue
363 522 530 598 Saraceni,
552 520 592 581 ab
616 542 652 581 eo
673 531 824 602 tempore,
845 542 908 603 quo
929 523 1062 602 primum
1083 523 1146 583 suis
1168 519 1291 595 sedibus
1311 538 1364 580 ex·

214 621 218 633 ·
254 608 326 681 citi,
347 602 443 665 classe
462 606 496 664 in
518 602 638 665 ltaliam
659 613 831 684 venerant,
862 605 978 665 crebris
1007 604 1233 666 incursionibus
1261 603 1362 665 mari-

254 690 362 749 timam
385 708 472 755 mam
492 686 655 750 vexabant.
688 688 810 747 Horum
829 698 865 748 ut
884 688 1030 749 ferociam
1050 696 1276 770 compesceret,
1297 686 1365 767 (ha-

254 770 369 838 bebant
390 773 472 833 enim
492 773 524 831 in
536 770 694 831 Gariliano
714 782 820 833 monte
840 765 945 849 aioes,
967 764 1044 854 ipsias
1063 792 1176 854 magna
1194 772 1243 831 vis
1263 788 1364 830 mma-

247 866 288 935 ,ta
308 865 338 917 et
360 854 515 917 incondita
538 854 719 933 tuebatur,)
752 854 968 937 Ateuulplrus,
990 856 1114 937 Capuae
1143 864 1173 915 et
1192 852 1364 915 Beneventi

255 940 410 1025 princeps,
425 936 643 1019 Landulplium
663 937 773 1016 filium,
794 948 830 997 ut
849 937 952 999 valida
973 960 992 999 a
1005 940 1109 999 Leone
1119 939 1233 1019 lmper.
1248 935 1365 997 auxilia

280 1032 387 1101 eteret,
407 1021 587 1103 Byzantium
616 1022 698 1083 misit
711 1022 746 1099 ¹).
788 1021 837 1080 De
863 1024 997 1083 exercitu
1024 1024 1059 1083 in
1080 1020 1199 1082 ltaliam
1220 1019 1365 1081 ducendo

256 1044 346 1167 lacile
366 1105 537 1187 Imperator
558 1108 703 1180 assensit,
725 1114 755 1164 et
776 1103 1016 1185 hadulphum,
1038 1106 1222 1187 Gregorium
1245 1104 1367 1185 Neapo-

256 1188 413 1267 litanum,
434 1198 465 1247 et
487 1181 653 1263 loannem,
675 1188 799 1247 Caietae
819 1186 951 1264 ducem,
981 1188 1111 1269 patricia
1140 1188 1287 1270 dignitate
1308 1208 1368 1247 or-

257 1273 354 1333 navit.
402 1270 464 1333 sed
484 1270 558 1331 dum
585 1273 617 1331 in
639 1290 673 1330 re
693 1270 813 1353 trepida
842 1272 964 1351 segnius
991 1273 1119 1351 copias,
1153 1271 1364 1353 classemque,

258 1357 402 1429 instruit,
425 1352 569 1415 Ataulfus
590 1355 739 1433 moritur,
763 1354 952 1435 principatus
973 1352 1158 1434 Landulpho
1178 1364 1209 1413 et
1229 1352 1365 1416 Atenul·

259 1436 346 1521 plro,
367 1436 459 1517 liliis,
491 1436 638 1498 desertam.
681 1438 753 1497 Mox
776 1435 815 1495 ad
836 1436 994 1497 serendam
1014 1457 1105 1518 opem
1125 1437 1237 1497 Graeci
1268 1436 1365 1497 adve-

260 1542 354 1599 nere,
374 1542 445 1581 cum
466 1521 577 1601 quibus
600 1521 729 1581 loannes
749 1520 905 1601 pontifex,
936 1520 1139 1598 Gaimarius,
1154 1518 1367 1595 Salernitanu's

260 1606 424 1690 princeps,
454 1603 550 1685 Apuli
571 1615 601 1665 et
624 1602 771 1679 Calabri,
799 1623 889 1664 suum
910 1601 1058 1681 militem,
1092 1600 1144 1663 ad
1162 1600 1366 1664 exscindenda

262 1686 457 1749 castellorum
478 1685 599 1765 ardua,
622 1684 834 1767 eduxerunt&
876 1685 1040 1762 Saraceni,
1063 1706 1136 1745 cum
1160 1684 1260 1763 fame,
1278 1708 1367 1747 eom-

262 1782 365 1835 mentu
389 1774 570 1850 intercepto,
592 1780 817 1850 premerentur,
838 1770 941 1851 ignem
959 1772 1023 1829 arci
1043 1768 1210 1847 subiecere,
1232 1790 1268 1829 ac
1285 1769 1366 1831 nihil
1464 1773 1481 1793 ⁶
1515 1819 1516 1828 ,

262 1864 366 1915 tutum
387 1856 465 1932 rati,
489 1856 522 1913 in
542 1852 627 1913 silvis
649 1862 679 1912 et
699 1854 851 1913 montium
872 1852 978 1928 editis,
1001 1852 1187 1935 praesidium
1206 1842 1367 1934 quaeiive-

263 1948 350 1999 runt.
393 1938 454 1997 Res
482 1956 589 2009 eorum
616 1931 708 2015 plane
736 1936 855 1995 attritas
882 1954 982 1996 novus
1014 1957 1049 1996 ex
1082 1934 1188 1995 Africa
1218 1939 1372 1997 exercitus

264 2021 416 2095 restituit,
437 2021 490 2100 qui
509 2029 670 2100 postquam
682 2020 800 2079 Romae
818 2017 872 2078 diu
892 2019 1105 2094 imminuerat,
1125 2038 1227 2078 arcem
1245 2021 1279 2078 in
1293 2018 1371 2078 Gar·

266 2123 360 2185 gano,
382 2100 514 2183 Apuliae
535 2112 655 2179 monte,
678 2104 799 2163 munire
820 2102 932 2182 eoepit,
952 2101 1036 2161 unde
1055 2103 1158 2161 vicino
1177 2122 1253 2182 agro
1271 2112 1371 2163 vasta·

265 2198 316 2265 to,
339 2184 565 2262 Beneventum,
585 2182 744 2245 obsidione
765 2183 857 2265 longa
879 2182 1036 2264 fatigatam
1046 2229 1057 2259 ,
1080 2182 1223 2244 incendio
1243 2183 1370 2245 delevit.

267 2270 390 2331 interea
403 2264 518 2349 Apulia
538 2268 637 2332 omnis
661 2276 693 2327 et
707 2266 869 2341 Calabria,
892 2268 925 2324 in
945 2266 1126 2326 seditionem
1146 2286 1235 2327 versa
1246 2312 1257 2343 ,
1277 2267 1374 2327 Grae

268 2372 376 2414 rorum
397 2352 503 2434 iugum
522 2350 691 2430 deiecerat,
719 2348 802 2432 quod
823 2346 1007 2430 proferendo
1028 2348 1200 2427 dominatui
1220 2361 1370 2434 opportu-

267 2457 346 2502 num
366 2444 450 2496 ratus
472 2431 692 2514 Landulplrus,
711 2435 744 2493 in
767 2435 900 2499 Graecos
919 2433 1025 2507 duxit:
1045 2432 1100 2515 sed
1121 2432 1252 2513 auxilia,
1273 2455 1293 2494 a
1312 2431 1371 2495 Sa'-

271 2520 391 2585 racenis
411 2519 572 2593 accersita,
599 2509 731 2582 rebelles
758 2515 798 2575 ad
823 2515 1004 2603 obsequium
1025 2515 1125 2578 redire
1145 2529 1310 2599 coegerint
1330 2518 1370 2596 ⁸5.

273 2603 368 2665 Auno
389 2602 527 2682 proximo
547 2602 579 2660 in
601 2600 681 2741 apris
703 2597 866 2662 Asculanis
893 2598 1093 2662 memorabile
1120 2599 1271 2682 praelium
1290 2604 1374 2661 inter

272 2684 492 2766 Landulphum
506 2694 536 2744 et
548 2681 624 2744 Ursi
636 2701 718 2760 euin,
740 2683 850 2743 Graeci
862 2686 1010 2744 exercitus
1023 2682 1153 2761 ducem,
1174 2685 1373 2749 commissum

271 2781 336 2846 est,
358 2767 452 2830 dubio
472 2769 606 2849 primum
627 2777 760 2845 eventu,
782 2776 853 2847 post
872 2768 946 2826 victi
967 2768 1101 2846 Graeci,
1123 2766 1289 2847 Apuliam
1310 2768 1371 2827 Ca-

270 2851 370 2917 labria
390 2861 511 2932 recepta
530 2861 593 2926 est,
622 2869 737 2930 quam,
767 2851 829 2910 icto
849 2871 920 2912 curn
936 2851 1092 2912 Gairnario
1113 2849 1251 2926 foedere,
1287 2851 1371 2911 Len·

272 2933 406 3020 alulphus
436 2945 551 3018 septem
559 2934 667 3020 „anius
695 2933 794 2996 tenuit
803 2931 840 3017 ἃ).
884 2931 1126 2998 Indecontinua
1152 2935 1374 3001 cumGraecis

293 3149 319 3224 ι)
336 3148 413 3202 idern
421 3147 492 3202 nne
502 3149 563 3202 Ltb.
617 3166 682 3204 esa.
698 3149 825 3220 Theopb.
836 3147 1045 3221 Continparp
1053 3147 1259 3220 expeditionem
1266 3147 1372 3204 Leonis

342 3221 374 3272 in
388 3221 570 3289 Langobardo
606 3221 752 3284 inemorst,
771 3237 923 3292 eorumque
940 3219 1038 3274 diresin
1060 3221 1194 3292 Egionem
1216 3221 1256 3292 (i.
1272 3220 1371 3291 liugo-

342 3293 425 3362 uem)
441 3300 528 3344 vocat.
582 3291 631 3355 ἠ)
648 3291 741 3359 Lupus
759 3293 883 3361 Protosp.
900 3291 931 3342 in
949 3289 1086 3345 Chronico
1102 3289 1192 3344 adan.
1212 3294 1274 3364 orb
1308 3293 1373 3348 Bs-

344 3365 440 3416 isruas
453 3363 580 3434 algareni
599 3361 632 3416 de
652 3363 805 3416 Gariliaao
824 3362 1056 3432 es-explaasur
1071 3362 1113 3429 do.
1136 3363 1227 3425 anai,
1253 3380 1290 3417 ess
1313 3379 1374 3434 quo

342 3433 676 3556 figurand'mlimstl'un'i'
691 3435 726 3554 ir}
751 3433 873 3559 {alim
911 3432 990 3569 Capri.
1021 3431 1168 3558 (gisilaope
1201 3433 1292 3554 Sffria
1311 3431 1372 3559 Ilm

369 3519 438 3554 eno
483 3522 491 3555 ι
548 3518 622 3553 aor
677 3541 683 3554 .
726 3540 733 3553 .
782 3539 801 3556 .,
889 3519 910 3554 c
958 3519 1017 3561 ‚·
1109 3521 1138 3555 ιιι
1170 3521 1285 3556 ranas:
1335 3520 1373 3557 sa

344 3522 519 3642 Af'rgs'caaus,
552 3521 695 3644 ligatione
717 3575 900 3645 imperatoris
922 3504 1371 3636 accisas,)ianai2arasr·1esr·a·

344 3643 419 3697 silus
439 3647 535 3714 capias
554 3646 585 3697 in
612 3645 776 3698 Calabriam
797 3645 983 3716 Apuliamque
1013 3641 1132 3708 direxit,
1160 3643 1297 3718 binasque
1318 3642 1373 3698 aaa

275 3721 277 3728 ’
343 3715 473 3784 regiones
489 3716 670 3784 imperatoris
686 3711 847 3768 dominatui
864 3715 1053 3799 potentissime
1071 3711 1205 3769 subdidit.
1274 3713 1372 3784 4)l.u·

221 3825 226 3832 .
343 3799 397 3854 piu
425 3785 602 3854 Protospatha
621 3802 664 3838 aa.
682 3803 743 3853 9²¹·
781 3785 895 3840 intersit
920 3786 1031 3840 Ursiiw
1057 3788 1178 3849 suariae
1199 3787 1232 3839 in
1257 3784 1375 3858 praelio

344 3851 380 3906 de
402 3855 519 3918 meato,
550 3873 641 3908 meuse
667 3855 794 3925 Aprilis,
820 3870 848 3910 et
869 3875 907 3928 ap
941 3853 1054 3909 alendis
1075 3853 1271 3926 Pandulplsura
1295 3860 1374 3925 Apu-

344 3924 390 3982 lro
416 3923 487 3996 (teg.
512 3923 624 3980 Landul
642 3921 694 3978 lius
714 3926 873 3999 Apuliam).
904 3874 1039 3980 ileminis
1055 3943 1089 3980 ex
1109 3926 1243 3980 editionis
1257 3925 1374 3980 Romani

348 3993 380 4048 ia
397 3993 589 4062 Langobardos
615 3945 839 4054 Constantia-ia
862 3997 899 4054 sle
922 3995 1059 4054 sermea
1083 3945 1145 4056 iol.
1171 3997 1233 4072 Byr.
1251 3996 1308 4055 sis.
1321 3995 1372 4054 sat

347 4081 409 4126 aaa·
435 4081 478 4140 sq.
