3042 4825
328 237 383 302 nn
413 233 610 303 curruca.
636 233 774 300 suras
795 235 968 301 armar.
984 239 1020 300 r.
1037 233 1071 311 ο.
1193 211 1250 298 63

1 411 3 476 η
152 413 205 468 τες
224 387 280 457 τόν
301 391 436 476 βασιλέα
454 387 501 477 μὴ
524 387 671 467 πεσόντες
690 389 797 472 stro,
826 388 911 456 νεύει
936 389 956 455 ό
977 391 1186 478 πραιιιόσιτος
1205 397 1251 482 τῷ

150 493 209 576 τῆς
231 489 469 572 καταστάσεως,
500 485 642 568 κύκεῖνος
659 492 745 574 λέγει
782 488 1005 572 ,μελεύσατε·”
1034 487 1128 558 αύτοό
1149 495 1186 557 cll
1213 491 1283 560 τόο

150 591 220 673 ,εἰς
245 586 382 665 πολλούς
404 586 542 677 χρόνους
569 591 624 654 xcii
644 587 820 674 ύγαθούς.”
867 591 903 656 ἐν
928 590 966 654 tt
987 586 1090 679 ταύτῃ
1110 593 1148 679 τῇ
1172 592 1252 681 όοχῇ

150 691 299 755 ἵστανται
324 686 658 776 σπαθαροκανόιόύτοι
675 691 730 756 καὶ
748 685 779 753 oi
800 686 975 775 σταθύριοι
992 686 1085 756 ἔνθεν
1108 690 1250 771 κάκεῖσε,

127 785 209 854 5καό
240 787 270 852 οἱ
289 789 350 870 μὲν
372 785 706 874 σπαθαροκανόιόύτοι
726 787 783 854 καό
799 785 830 852 οἱ
849 790 1027 874 σπαόύριοι
1042 789 1251 876 κατέρχονται

149 885 192 950 τό
208 886 366 974 γραόήλια
393 891 451 952 τού
475 891 718 975 κονσιστωρίοο,
756 885 787 952 οἱ
814 890 876 970 μὲν
896 888 932 951 ἐκ
953 891 1082 968 δεξιῶν,
1113 885 1143 952 οἱ
1163 889 1251 967 clii}
1278 938 1280 941 -

149 985 329 1069 εύωνύμων
347 989 412 1054 τῶν
430 991 551 1054 πολιόν.
585 985 615 1052 οἱ
636 990 672 1054 tt
684 986 844 1072 πατρίκιοι
860 986 917 1052 καὶ
935 987 966 1051 οἱ
984 990 1154 1074 στρατηγοὶ
1169 987 1256 1075 όιόρ-

148 1109 266 1169 χονται
286 1085 345 1172 την
365 1091 468 1174 μέσην
492 1087 596 1173 πύλην
613 1089 671 1154 καί
691 1087 815 1164 εόθέως
844 1086 874 1154 οἱ
894 1090 955 1171 μὲν
982 1086 1044 1153 ἀπό
1063 1089 1168 1167 δεξιᾶς
1190 1114 1253 1155 πα-

147 1184 269 1272 τρίκιοι
288 1185 345 1252 καό
375 1185 547 1275 στρατηγοὶ
569 1189 777 1274 κατέρχονται
803 1184 843 1253 τύ
867 1187 1025 1274 γραόήλια
1048 1190 1104 1274 τῆς
1126 1185 1252 1275 οἷριστι-

109 1287 210 1372 ιοριῖς
226 1285 335 1371 πύλης.
357 1281 426 1352 ist
437 1284 589 1370 βασιλεύς
608 1287 852 1380 όηριγεαόμενος
867 1283 931 1352 ύπὸ
944 1289 1004 1353 τού
1016 1287 1251 1372 κοαβοοκλειόο,

146 1387 338 1469 κατέρχεται
363 1381 399 1450 τό
416 1384 609 1468 πούλπιτον,
643 1386 700 1450 καί
725 1387 854 1450 ἵσταται
877 1381 942 1450 ύιιό
970 1382 1008 1450 τό
1038 1384 1249 1470 καμελούκιον

146 1487 185 1552 όν
210 1487 256 1571 τῷ
278 1487 436 1575 πορφυρῷ
462 1487 561 1574 tlsp,
596 1483 654 1549 nai
670 1487 817 1570 όέχονται
842 1479 943 1551 αύτόν
967 1488 1068 1553 ἐκεῖσε
1087 1492 1280 1573 πατρόκιοιῐ)

145 1582 205 1649 καὶ
226 1583 402 1672 στρατηγοὶ
416 1581 498 1667 parci
523 1589 578 1672 τῆς
605 1582 793 1670 συγκλήτου.
823 1583 880 1650 καί
893 1584 1180 1673 προοκονησύντων
1195 1587 1252 1654 τόν
1309 1651 1318 1662 ,

145 1686 285 1766 βασιλέα
307 1681 353 1769 μη“
378 1685 539 1750 πεσόντων
559 1682 647 1748 καίτοι
653 1735 664 1766 ,
692 1681 779 1750 νεύει
802 1682 1046 1771 όπραιπόσιτος
1062 1679 1124 1750 ἇπό
1143 1683 1251 1751 κελεύ-

108 1787 229 1859 ιᾶσεως
244 1785 290 1872 τηἺ
305 1784 512 1873 σιλεντιαρόηι,
527 1777 668 1859 κάκεῖνος
681 1783 766 1868 λόγει
783 1783 1003 1866 ,,κελεύσατε.”
1024 1787 1091 1875 (Β)
1102 1784 1174 1851 Καὶ
1181 1785 1249 1852 atat

143 1885 212 1950 τεόν
233 1883 335 1948 ε’κεῖσε
351 1881 592 1970 όηριγειιόμενος
609 1879 626 1948 ὅ
642 1880 793 1965 βασιλεύς
809 1877 865 1949 sirr’
885 1878 1145 1969 circiensium,
1163 1886 1251 1972 όιόρ·

141 2009 241 2070 χεται
256 1981 312 2048 διό
325 1986 390 2048 τεόν
410 1981 621 2070 ἐκσκορβίτιον
637 1981 693 2047 καί
705 1985 771 2048 τῶν
786 1985 919 2068 σχολῶν,
940 1983 997 2050 καὶ
1008 1985 1173 2071 όξέρχεται
1189 1983 1250 2071 τὴν
1266 1981 1273 1993 ’

127 2082 287 2168 μεγάλην
317 2080 431 2166 πύλην,
470 2079 526 2146 uui
542 2079 746 2168 διερχόμενος
773 2080 828 2148 tut
859 2085 960 2165 μόσοο
983 2085 1042 2147 τοῦ
1062 2085 1170 2166 μιλίοο
1194 2086 1252 2151 nat

144 2185 210 2246 τού
232 2181 450 2264 αύγουστέως,
483 2181 662 2266 εἰσέρχεται
679 2183 714 2246 όν
737 2183 777 2269 τῇ
800 2180 884 2271 πύλη
906 2186 965 2247 τού
989 2181 1161 2269 ὦρολογιλιν
1189 2185 1249 2268 τῆς

98 2277 285 2366 ῃομεγύλης
302 2276 481 2363 ἕκαλησιλις.
523 2281 627 2344 ἰστέον
651 2281 695 2360 δὲ,
717 2274 769 2346 ότι
784 2281 820 2345 ἐν
838 2283 878 2368 τῇ
899 2276 1002 2371 όιόόην
1014 2285 1072 2347 τού
1089 2285 1247 2366 βασιλέως

144 2373 461 2447 τελούνταιόπαιαα
493 2369 531 2443 τό
554 2373 644 2444 αἴσια
664 2376 864 2463 ἀκολούθως,
900 2377 936 2446 όν
957 2379 1076 2468 τρόπον
1096 2381 1246 2470 ύνοοτόριο

144 2482 182 2547 ἐν
204 2475 399 2567 τῇκαθόλου
423 2479 609 2565 προελεύσει
627 2481 684 2564 τῆς
702 2484 850 2566 Χριστού
866 2479 1039 2567 γεννήσεως
1059 2484 1377 2571 ἔξεθέμεόαΕλλ.39

118 2576 205 2645 ’καὶ
222 2577 417 2654 εἰσελθόντος
440 2576 500 2643 τού
523 2580 680 2661 βασιλέως
707 2580 742 2643 ἂν
773 2580 812 2667 τῇ
835 2582 1045 2670 προειρημένη
1073 2579 1158 2671 πύλη
1190 2584 1247 2649 τοῦ
1393 2573 1397 2585 ’

221 2767 261 2805 rr.
279 2751 411 2805 ἵστανται
427 2752 489 2807 cod.
534 2808 539 2821 ,
563 2750 604 2820 'l
622 2747 811 2807 πεσόντωνλλ.
831 2766 867 2803 cx
883 2746 1048 2821 compendio
1066 2747 1129 2805 cod}
1154 2762 1246 2809 πεσον

217 2822 403 2893 superscripto
419 2840 444 2889 τ,
462 2821 601 2883 πεσόντες
619 2818 662 2873 cd.

144 2961 262 3024 tramit,
281 2966 310 3013 et
327 2960 356 3019 in
375 2956 466 3023 mullo
487 2956 602 3011 duarum
617 2956 807 3011 columnarum
825 2964 887 3011 stat
930 2957 965 3013 ln
981 2957 1121 3031 onopodio
1135 2958 1246 3030 patricii

145 3042 176 3089 et
193 3032 304 3102 strategi
320 3030 513 3100 imperatorem
525 3030 697 3097 suscipiunt,
717 3044 807 3101 eoque
824 3029 955 3093 adorato,
972 3048 1029 3086 non
1048 3048 1134 3102 prono
1151 3038 1245 3095 tamen

142 3104 174 3157 ln
199 3110 299 3155 terram
325 3114 455 3170 corpore,
473 3102 647 3171 praepositus
667 3100 859 3153 cerimoniurio
883 3100 990 3169 signum
1012 3101 1077 3164 dat,
1097 3102 1146 3173 qui
1162 3101 1244 3155 dicit:

141 3174 255 3239 iulete3
274 3170 304 3223 hi
319 3188 402 3225 vero:
419 3172 455 3223 ln
471 3172 559 3223 multa
579 3183 606 3224 τε
608 3168 715 3241 felicia
731 3184 864 3240 tempora.
901 3170 933 3221 la
949 3171 1002 3224 hac
1016 3174 1245 3239 imperatorius-

143 3244 223 3299 lennl
239 3244 399 3312 receptione
417 3240 464 3292 hic
480 3250 507 3293 et
523 3240 582 3293 illic
599 3239 870 3310 spatharocanslidatl
888 3248 917 3293 et
933 3242 1067 3311 spatharii
1086 3250 1175 3305 strat,
1195 3244 1244 3315 qui
1358 3248 1360 3252 ’

143 3332 195 3386 per
207 3314 294 3367 scalas
312 3312 485 3375 consistorii,
508 3312 549 3363 illi
568 3312 680 3383 quidem
695 3329 744 3381 per
764 3313 913 3375 sinistram,
932 3310 962 3363 hi
976 3329 1027 3383 per
1043 3312 1165 3366 dextram
1181 3332 1246 3384 por-

143 3394 218 3448 tam,
237 3377 417 3437 tlescenslunt
454 3382 564 3433 Patricii
585 3390 612 3434 et
627 3384 738 3451 strategi
761 3396 813 3453 per
831 3382 951 3434 mediam
976 3392 1082 3452 portam
1105 3386 1243 3448 veniunt,

143 3464 173 3509 et
189 3470 281 3509 rursus
297 3458 345 3527 qui
363 3452 398 3505 acl
411 3455 535 3509 dextram
553 3450 661 3505 adstant
684 3470 733 3523 per
753 3452 851 3523 gradus
866 3454 992 3505 sinistrae
1011 3463 1108 3526 portae
1127 3454 1244 3506 descen-

143 3524 222 3581 dunt
258 3526 409 3594 Imperator
435 3543 450 3577 a
470 3520 645 3576 cubiculariis
661 3524 795 3593 stipatus,
814 3540 865 3593 per
879 3524 1019 3595 pulpitum
1039 3523 1197 3589 descendit,
1216 3530 1245 3577 et

143 3595 194 3649 sub
214 3596 379 3649 camelaucio
393 3597 423 3649 in
442 3594 536 3664 lapide
551 3594 633 3645 rubro
651 3602 723 3658 mut,
749 3610 867 3665 eumque
886 3596 997 3664 patricii
1014 3603 1043 3649 et
1057 3598 1167 3665 strategi
1182 3603 1243 3648 curn

143 3674 243 3721 senatu
259 3665 300 3718 ibi
319 3667 470 3736 excipiunt.
507 3666 652 3735 Postquam
670 3667 883 3735 Imperatorem,
903 3663 977 3716 haud
994 3666 1075 3737 proni
1097 3675 1187 3720 tumen
1212 3666 1243 3719 in

143 3746 259 3798 terram,
283 3736 450 3802 adora-runt,
477 3734 650 3804 praepositae
673 3754 687 3787 a
712 3735 842 3787 mandato
862 3736 970 3805 signum
994 3738 1148 3789 silentiario
1175 3737 1241 3801 dat,

144 3811 192 3881 qui
205 3806 290 3860 dicit:
309 3810 412 3863 Iubere.
450 3806 506 3879 (V.)
523 3805 591 3858 inde
606 3804 641 3857 ab
662 3804 705 3858 his
723 3805 851 3859 omnibus
870 3808 987 3875 stipatus
1004 3809 1172 3878 imperator,
1191 3824 1241 3875 pcr-

144 3878 272 3932 excubias
288 3877 451 3951 scholasque
470 3878 623 3940 transiens‚
640 3893 744 3947 perque
765 3893 889 3945 magnam
908 3887 1029 3946 portam,
1053 3878 1174 3931 medium
1182 3878 1240 3928 Mi·

142 3948 176 4003 lit
194 3956 223 4002 et
239 3950 389 4018 Au'gustalc
409 3960 584 4021 progressus,
605 3956 712 4015 portam
737 3944 875 4017 horologii
892 3949 983 4018 magni
1005 3950 1102 4019 templi
1117 3948 1240 4019 ingredi·

143 4026 195 4074 tur.
230 4014 388 4073 Notandum
404 4034 469 4073 vero
487 4026 544 4082 est,
561 4020 629 4070 ritus
648 4032 742 4070 omnes
761 4034 795 4070 eo
813 4016 913 4082 modo,
931 4035 1013 4089 quem
1031 4037 1112 4089 supra
1131 4022 1161 4071 in
1177 4018 1240 4068 uni·-

142 4088 239 4143 versali
249 4090 431 4160 lprocessione
455 4090 555 4144 natalis
582 4088 697 4142 Domini
724 4090 919 4159 exposuimus,
936 4090 968 4141 ia
992 4088 1045 4143 hac
1063 4090 1239 4159 processione

142 4158 318 4233 imperitoris
333 4160 480 4217 observari.
525 4159 678 4232 ingressum
693 4174 742 4231 per
757 4158 860 4214 illatam
880 4156 1017 4231 horologii
1030 4168 1137 4233 portam
1152 4158 1238 4213 lectio
