3042 4825
530 954 731 1034 romnis
755 954 963 1035 ummo
987 901 1197 1037 aucun
1319 912 1357 936 ”

480 1098 1243 1222 conuuurar1o
1351 1158 1432 1277 ··

833 1324 877 1359 Μ

399 1435 587 1511 VITA
629 1438 721 1512 ET
760 1438 998 1515 REBUS
1040 1434 1315 1516 GESTIS

330 1594 771 1687 consuluntur
824 1572 1392 1665 Purpuraooaum'r

634 1714 872 1771 muteronis
895 1714 1090 1769 statuum.

148 2030 199 2088 Ed
208 1962 534 2092 uxmconsunttni
557 2017 838 2103 Porphyrogeniti,
859 2020 945 2081 ouius
969 2041 1018 2081 res
1049 2042 1125 2103 pace
1146 2021 1289 2103 belloque
1317 2033 1418 2104 gestas

316 2102 451 2164 scribere
480 2124 638 2187 aggressus
668 2122 758 2179 sum,
795 2104 828 2161 in
859 2123 895 2161 ea
925 2103 990 2163 fere
1012 2115 1152 2183 tempora
1179 2115 1263 2165 aetas
1286 2107 1416 2182 incidit,
1518 2119 1519 2134 ¹

314 2186 427 2267 quibus
449 2189 597 2269 imperii,
625 2187 749 2246 maximi
774 2183 948 2266 quondam,
969 2194 1000 2245 et
1021 2196 1091 2265 post
1115 2185 1244 2246 deorum
1261 2208 1336 2269 opes
1354 2210 1419 2249 arn·

314 2267 584 2351 plissimi,tantum
599 2270 710 2330 umbra
722 2266 874 2350 quaedam
892 2277 923 2328 et
938 2269 1038 2351 imago
1053 2280 1222 2350 supererat.
1246 2270 1418 2353 Postquam

316 2352 432 2414 scilicet
453 2360 691 2436 superventum
718 2362 807 2429 erat,
829 2360 865 2410 ut
896 2348 1108 2434 largitionibus
1138 2363 1192 2412 aut
1211 2357 1304 2415 armis
1334 2358 1420 2416 nam

316 2433 375 2496 sibi
401 2437 440 2496 ad
466 2457 595 2517 regnum
617 2432 742 2515 plurimi
767 2445 932 2515 pararent,
955 2435 1067 2496 scelere
1085 2447 1210 2518 partum
1231 2441 1363 2520 pessime
1387 2451 1421 2500 et

317 2516 526 2580 crudelissime
552 2528 710 2600 gererent,
731 2515 881 2578 fluctuare
907 2518 1099 2601 respublica,
1127 2531 1159 2582 et
1188 2539 1208 2580 a
1237 2523 1301 2583 suis
1323 2533 1420 2583 recto·

318 2601 405 2664 ribus
433 2601 578 2662 destituta
603 2601 636 2661 in
657 2599 798 2662 ultimam
824 2603 991 2684 perniciem
1012 2601 1124 2663 adduci
1149 2606 1262 2686 coepit.
1304 2604 1420 2666 Civiles

318 2688 402 2746 enim
427 2683 597 2746 discordiae
627 2695 657 2745 et
687 2695 826 2766 potentes
848 2706 1011 2767 procerum
1042 2686 1210 2765 sactiones,
1239 2711 1310 2750 cum
1332 2709 1419 2749 sum-

318 2790 403 2830 mam
428 2779 609 2850 potestatem
634 2767 674 2828 ad
696 2789 729 2828 se
754 2790 863 2850 rapere
889 2768 1000 2851 singuli
1027 2768 1162 2848 vellent,
1184 2775 1287 2832 omnia
1309 2773 1421 2834 misere

319 2851 512 2913 turbarunt:
547 2864 579 2914 at
609 2851 772 2928 caedibus,
803 2864 856 2912 aut
885 2856 1031 2936 rapinis,
1063 2865 1117 2914 aut
1143 2857 1318 2932 veneficiis,
1340 2877 1422 2938 quae

319 2934 449 2996 lectores
475 2956 598 3017 quoque
619 2934 720 2996 taedio
743 2931 901 3013 afficiunt,
923 2936 1134 3017 obscuratam,
1164 2959 1234 2998 raro
1259 2939 1299 2997 ad
1326 2960 1422 3020 nepo-

317 3029 365 3080 tes
385 3017 616 3082 transtulerunt.
657 3019 707 3078 Sic
738 3019 802 3080 Leo
824 3017 900 3078 olim
936 3020 1111 3100 isauricus,
1141 3023 1184 3080 sic
1208 3021 1421 3102 Nicephorns,

319 3103 364 3162 sic
390 3101 524 3162 Michai'l
549 3100 685 3179 Balbus,
707 3104 750 3161 sic
774 3101 903 3162 Basilius
931 3103 1083 3180 Macedo,
1106 3103 1297 3164 Constantini
1316 3126 1420 3184 avus,

224 3225 228 3234 .
320 3184 361 3246 ab
387 3183 513 3265 ignobili
542 3185 661 3268 origine
696 3182 736 3242 ad
767 3205 945 3265 supremum
981 3187 1136 3266 fastigium
1178 3190 1318 3267 provecti
1352 3210 1423 3250 me·

320 3278 496 3329 morantur.
539 3267 648 3328 Virtus
674 3279 820 3348 porroet
846 3267 944 3349 gloria
966 3270 1178 3330 Romanorum
1213 3274 1424 3350 exercituum,

320 3354 423 3413 numis
447 3362 477 3412 et
501 3349 631 3433 publicis
656 3353 862 3411 monumentis
879 3351 1036 3432 quondam
1064 3349 1229 3432 celebrata,
1249 3353 1366 3415 desidia
1392 3365 1424 3418 et

320 3438 432 3498 inertia
452 3445 519 3496 tum
541 3433 633 3515 plane
662 3445 850 3511 evanuerat,
880 3434 1032 3516 praesidia
1057 3435 1233 3517 regionibus
1255 3440 1422 3520 imposita,

322 3519 407 3581 haud
426 3515 562 3580 invalida
586 3517 640 3578 illa
665 3516 804 3599 quidem,
826 3529 881 3580 aut
894 3521 1021 3604 exigua,
1042 3517 1123 3579 hosti
1146 3519 1239 3581 feroci
1258 3532 1290 3582 et
1310 3520 1423 3582 callido

322 3624 391 3665 nou
408 3599 620 3681 sufficiebant,
648 3622 706 3662 nee
733 3601 799 3662 ulla
824 3623 894 3685 spes
917 3606 951 3662 in
979 3601 1098 3662 auxiliis
1125 3601 1325 3666 finitimarum
1347 3626 1424 3687 gen-

322 3689 402 3748 tium
421 3696 506 3764 erat,
528 3683 599 3746 licet
620 3685 653 3746 in
673 3687 848 3768 provincias
869 3685 1039 3768 descriptae
1060 3685 1153 3747 urbes
1167 3687 1325 3768 praelectis
1347 3688 1425 3748 sub-

323 3771 421 3832 iectae
443 3779 554 3830 essent.
597 3769 679 3830 Hinc
700 3772 963 3852 opportunitatem
990 3772 1172 3834 contermini
1197 3770 1304 3855 populi
1326 3773 1423 3850 nacti,

324 3853 400 3915 lines
433 3853 520 3935 regni
554 3854 651 3936 magis
688 3855 847 3936 magisque
878 3855 1132 3931 imminuerunt,
1160 3873 1224 3915 non
1258 3853 1426 3918 ambitione

326 3945 380 3998 aut
405 3933 610 3996 aemulatione
630 3935 769 4019 gloriae,
791 3937 845 3998 aed
862 3936 947 4020 quod
961 3938 1097 4019 angustis
1115 3939 1255 4000 terminis
1275 3935 1425 3999 immensa

325 4018 491 4082 multitudo
501 4023 651 4082 contineri
669 4040 732 4082 non
745 4030 878 4101 poterat,
899 4019 940 4081 ad
956 4040 1043 4080 arma
1053 4020 1275 4082 commovenda
1291 4024 1424 4082 excitati.

326 4103 467 4168 Turbata
482 4105 545 4166 iem
565 4102 683 4167 dudum
703 4101 819 4187 apulia
840 4115 872 4166 et
897 4102 1041 4166 Calabria
1063 4115 1142 4186 erat,
1165 4103 1270 4169 Sicilia
1282 4105 1425 4184 nutabat,
