3042 4825
252 118 320 181 tvl
440 119 498 181 10.
527 116 652 181 uultu.
684 116 835 183 lutcuu
864 116 1164 186 couuuuttuo

250 267 451 353 honoranda,
473 292 620 354 magnum
640 270 777 333 sardium
798 273 873 353 suit3
891 272 998 335 illatus
1011 284 1115 339 autem
1135 282 1182 335 cst
1201 272 1357 335 maiorum

252 355 392 437 sepulcro
406 359 439 416 in
453 354 567 437 templo
583 355 635 422 SS.
650 356 806 437 Apostolis
818 358 920 419 dicato
935 361 969 435 ¹).
1011 359 1152 419 Fuerunt
1164 359 1197 417 in
1212 378 1249 417 eo
1263 378 1356 439 prae-

252 438 337 499 clara
356 440 480 501 virtutis
497 451 528 500 et
541 442 662 521 pietatis
683 451 884 519 ornamenta,
904 442 965 501 Dei
986 452 1018 503 et
1038 462 1196 503 sacrorum
1216 462 1358 502 reveren·
1463 454 1468 464 ’

251 525 295 584 tia
318 544 438 585 summa
456 524 492 601 ²).
536 522 636 583 Multa
656 522 779 605 publice
799 546 892 606 opera
919 530 1049 603 struxit,
1077 529 1112 586 in
1131 524 1243 607 quibus
1266 523 1358 606 Apo-

251 605 403 669 stolorum
424 606 513 667 aedes
535 627 554 665 a
575 600 782 668 fiendameniis
803 610 970 686 inchoata,
1000 620 1030 669 et
1050 610 1082 674 S.
1102 608 1235 690 Sophiae
1255 628 1356 688 augu-

252 692 421 751 stissimum
437 688 587 771 templum
608 691 767 773 magnifiee
787 694 1014 769 instauratum,
1034 703 1258 753 memorantur.
1291 690 1359 751 Bal-

251 792 344 836 neum
360 776 392 834 in
403 775 543 855 Maripae
558 772 707 852 aedibus,
729 776 836 856 ingens
850 797 950 857 opus,
971 798 1028 837 nee
1041 777 1168 837 inferius
1189 776 1358 853 Romanis,

251 859 435 918 renovavit:
457 867 612 919 senectute
632 858 810 941 morbisque
829 860 975 921 confectis
1004 860 1114 921 domos
1140 859 1359 940 amplissimas,

252 940 306 999 ubi
326 939 451 1023 publico
470 950 573 1001 sumtu
594 940 772 1022 alerentur,
801 946 977 1005 concessit:
1008 942 1158 1029 palatium
1189 941 1360 1023 amplifica-

245 1024 297 1099 *vit
310 1024 355 1103 ³):
386 1023 554 1086 obeliscum
581 1036 739 1103 veterem,
769 1046 806 1085 ex
835 1026 979 1108 Aegypto
1008 1026 1193 1103 advectum,
1214 1026 1254 1105 in*
1268 1025 1361 1085 Ciroo

252 1112 369 1191 posuit,
391 1119 578 1190 manentque
598 1112 663 1170 eius
683 1110 729 1169 rei
743 1121 955 1190 monumenta,
977 1109 1096 1190 sculpta
1117 1111 1216 1185 saxis,
1238 1119 1270 1169 et
1288 1128 1362 1169 aeoe

251 1194 354 1272 prisco
367 1191 404 1275 ⁴).
443 1193 551 1253 Muros
572 1192 722 1254 Nicaenos
734 1237 745 1273 ,
779 1214 799 1253 a
818 1194 978 1255 Saracenis
1004 1214 1150 1273 eversos,
1182 1190 1293 1253 collata
1323 1214 1361 1253 ex

323 1406 391 1453 nus,
437 1390 504 1445 iiius
535 1392 603 1445 eius.
640 1390 686 1444 Sie
714 1393 799 1445 etism
827 1392 987 1459 Anonymns
1014 1390 1157 1453 Berensis,
1201 1388 1238 1442 nd
1277 1404 1362 1474 quern

319 1460 390 1513 hacc
434 1462 526 1515 inserit
546 1461 675 1514 Camillus
696 1464 874 1531 Peregrinus:
910 1464 1015 1515 Noster
1034 1460 1191 1514 cedrenum
1210 1472 1351 1531 sequitur,

316 1533 369 1603 qai
392 1535 602 1587 coronationem
632 1536 815 1587 Constantini
839 1544 933 1587 aetate
956 1534 1098 1603 septennis
1111 1531 1227 1603 saetam
1250 1530 1351 1601 petii-

322 1602 367 1655 bet
389 1616 451 1672 post
471 1605 571 1675 patrui
588 1602 761 1667 Alexandri,
784 1601 885 1659 nedum
905 1616 969 1674 post
987 1605 1081 1671 patris
1105 1604 1208 1656 ieonis
1228 1602 1352 1665 obitum,

321 1689 384 1725 eam
411 1672 452 1725 ad
482 1692 588 1726 annum
613 1677 711 1727 retulit
734 1678 795 1745 9¹³·
821 1675 931 1746 sibique
952 1692 1029 1727 nune
1052 1687 1186 1727 constans
1216 1685 1356 1725 mortuum

321 1745 403 1797 ilium
435 1742 507 1797 dicit
530 1746 590 1813 960.
623 1744 758 1808 inchoato
791 1761 809 1795 a
838 1744 991 1815 Septembri
1017 1745 1171 1797 eommunis
1197 1741 1269 1795 antei
1292 1742 1357 1812 959

320 1816 384 1875 (sie
402 1814 486 1866 etiam
506 1810 655 1865 dicendum
672 1812 715 1875 ¹de
739 1817 926 1869 coronatione
945 1817 1005 1867 eius
1030 1832 1106 1865 anno
1127 1816 1212 1883 913.)
1249 1814 1359 1883 Quippe

322 1884 395 1935 obiit
424 1886 644 1946 Constantinus,
673 1896 704 1935 ut
730 1886 789 1953 ipse
819 1897 917 1948 notat,
954 1882 1056 1937 indict.
1079 1885 1133 1936 111.
1163 1897 1192 1935 et
1218 1895 1252 1934 ut
1277 1894 1362 1934 notat

322 1950 484 2015 cedrenus,
516 1951 562 2006 die
587 1952 638 2005 IX.
663 1955 851 2017 Novembris,
887 1955 997 2007 scilieet
1020 1952 1167 2008 desinente
1195 1955 1253 2005 iam
1281 1951 1361 2003 dicto

323 2025 463 2077 communi
491 2041 570 2075 anno
592 2024 669 2092 959,
683 2044 740 2097 quo
765 2028 852 2096 piane
881 2026 994 2076 calcato
1020 2025 1064 2076 uti
1097 2024 1144 2076 iiic
1166 2037 1262 2077 noster
1281 2025 1362 2075 solet.

325 2090 469 2145 Cedrenus
494 2110 584 2155 vero,
616 2106 644 2145 et
674 2108 737 2167 post
767 2098 849 2147 ilium
880 2096 1030 2155 Zonaras,
1059 2091 1173 2146 tradere
1207 2091 1362 2154 videntur,

323 2162 537 2217 Constantinum
557 2164 705 2233 imperasse
731 2184 792 2218 eum
812 2176 910 2234 patre,
939 2178 1043 2233 patruo
1065 2176 1093 2215 et
1104 2177 1193 2217 matre
1211 2180 1303 2215 annos
1316 2164 1362 2215 13.

323 2234 456 2285 nimirum
479 2248 567 2301 usque
591 2230 632 2285 ati
646 2252 718 2303 919,
743 2236 878 2309 quoniam
899 2235 1005 2286 vt’xisse
1023 2234 1103 2285 illum
1122 2246 1252 2287 asserunt
1269 2250 1363 2285 ansios

254 2340 259 2347 ·
321 2304 378 2371 54„
396 2302 607 2357 annosseiiicet
627 2304 706 2358 vitae
725 2318 753 2357 et
776 2305 889 2387 imperii
907 2302 1120 2374 confundentes.
1158 2305 1238 2375 Quae
1256 2301 1361 2355 doetis-

322 2372 386 2426 simi
404 2374 458 2428 riri
479 2374 618 2428 sententia
639 2376 725 2446 magis
747 2373 817 2427 snitu
842 2373 992 2444 probatur,
1009 2390 1093 2444 quam
1116 2374 1165 2426 illa
1187 2373 1281 2442 Pagii,
1308 2372 1361 2456 qui

321 2444 452 2496 ultimum
467 2443 642 2497 Constantini
658 2462 764 2497 anatim
784 2462 864 2497 aerae
880 2445 1000 2513 vulgaris
1015 2446 1254 2514 nongentesimum
1275 2461 1360 2514 quim

322 2514 512 2586 quagesimum
536 2522 678 2580 octavum,
697 2517 881 2569 indictionem
900 2515 1034 2585 primam,
1051 2532 1129 2579 esse,
1149 2515 1302 2569 contendit
1328 2515 1361 2567 Si

258 2593 260 2598 '
321 2588 398 2639 enim
421 2593 503 2638 natus
525 2584 587 2656 ipse
612 2595 655 2639 est
677 2605 750 2640 anno
777 2589 854 2656 9⁰⁵··
873 2585 1120 2655 quinquagesimus
1142 2595 1255 2658 quartus
1281 2593 1359 2637 acta·

320 2659 358 2710 tis
383 2665 457 2710 certe
478 2657 509 2709 iu
532 2673 635 2710 sunum
664 2659 726 2728 959.
749 2665 800 2708 aut
814 2657 908 2726 potius
929 2659 990 2726 960.
1013 2657 1176 2720 ineuntem,
1208 2652 1360 2708 secundum

322 2729 491 2781 Graecorum
515 2736 692 2796 computum,
711 2729 827 2791 incidit,
855 2745 917 2779 cum
941 2726 1091 2779 Novembri
1114 2745 1210 2780 mense
1232 2727 1360 2781 decesse-

322 2800 367 2850 rit.
405 2798 534 2852 Ceterum
562 2799 730 2868 scriptores,
769 2798 980 2851 Constantinum
1008 2795 1141 2848 tredecim
1178 2814 1266 2853 annos
1296 2815 1385 2850 eum.

276 2873 279 2884 '
322 2868 418 2920 Leone
447 2884 592 2940 regnasse,
616 2869 831 2934 contendentes,
865 2878 989 2936 tempora
1012 2881 1070 2919 noa
1096 2866 1274 2933 confudisse,
1308 2869 1360 2921 sed

321 2938 410 2992 abeo
430 2955 521 3000 anno,
541 2955 597 3008 quo
625 2940 661 2992 ab
684 2941 834 3010 Euthymio
860 2937 1016 3009 patriarcha
1034 2945 1182 2995 coronatus
1202 2939 1275 3004 luit,
1303 2956 1359 2992 nu-

324 3025 445 3062 merasse
475 3009 613 3064 videntur.

273 3077 302 3150 ι)
320 3079 480 3134 Continuat
510 3078 636 3150 Theoph.
663 3099 765 3152 papa.
799 3079 921 3132 Banduri
944 3079 1094 3148 Imperium
1126 3081 1251 3135 orientis.
1278 3080 1310 3132 T.
1333 3078 1356 3133 1.

322 3170 349 3222 p.
364 3168 420 3204 ror.
478 3156 509 3214 a)
517 3151 583 3203 Eius
601 3154 674 3206 cuim
687 3151 812 3204 aetateS.
824 3151 951 3218 Gregorii
967 3151 1105 3220 reliquiae
1123 3150 1259 3204 Nazianzo
1282 3148 1358 3202 Con-

322 3221 525 3290 stantinopolin
554 3221 695 3276 traductae
711 3229 784 3274 sunt.
802 3222 835 3274 V.
848 3221 967 3274 Graecus
981 3223 1099 3290 scriptor
1122 3240 1156 3274 ex
1169 3221 1265 3275 codice
1277 3221 1357 3273 ducis

323 3290 480 3346 Sabaudiae
504 3292 534 3343 in
556 3291 614 3345 Aet.
642 3294 687 3346 SS.
713 3292 749 3346 ad
767 3290 795 3344 d,
818 3311 843 3362 9
879 3293 948 3343 Maii
977 3292 1068 3344 editos
1092 3311 1119 3363 p.
1146 3293 1208 3360 448,
1238 3309 1298 3362 sqq.
1328 3292 1357 3344 S.

323 3363 409 3416 etiam
438 3363 550 3415 loannis
580 3380 678 3416 manus
697 3365 727 3418 in
744 3364 881 3432 palatium
899 3364 954 3415 ritu
973 3363 1083 3415 solenni
1109 3363 1189 3416 illata
1210 3371 1260 3414 est
1287 3361 1357 3414 Aeta

323 3433 370 3487 SS.
393 3433 428 3486 sd
451 3433 476 3486 d.
506 3451 548 3504 29.
571 3433 695 3505 Augusti.
752 3437 781 3501 3)
800 3433 926 3502 Theoph.
947 3431 1058 3487 Contin.
1076 3452 1104 3502 p.
1122 3437 1182 3488 280.
1202 3432 1263 3500 aiii.
1324 3433 1356 3500 i)

324 3504 461 3558 Graecum
472 3519 579 3557 carmen
597 3509 703 3560 colosso
719 3507 883 3576 inscriptum
901 3504 1056 3557 Bandurius
1069 3505 1275 3576 Antiquitatum
1285 3503 1355 3554 CSP.

320 3573 354 3630 1..
368 3592 396 3647 p.
410 3577 469 3632 181.
482 3573 581 3634 edidit,
593 3577 641 3628 ubi
658 3595 768 3631 versum
782 3577 935 3630 secundnm
952 3582 981 3626 et
995 3584 1158 3647 sequentem
1169 3577 1210 3630 ita
1230 3573 1355 3628 adduxit:

452 3677 489 3688 -
505 3676 540 3687 -
556 3647 780 3706 Κωνσταντῖνος
803 3652 859 3701 νῦν
885 3643 1026 3709 δεσπότης

452 3705 495 3772 ot
516 3716 667 3788 ‘Peperit
684 3727 754 3776 παῖς
772 3717 842 3779 δόξα
859 3717 910 3778 τῆς
933 3717 1128 3784 aequanimius

452 3791 594 3857 tintinna
617 3797 752 3860 νεουργεῖ
771 3794 822 3855 sris
838 3787 930 3842 ntitas
951 3791 1087 3857 θεωρίας.

321 3856 364 3908 Ita
383 3857 544 3912 Bandurius.
584 3860 619 3914 tt
644 3861 771 3930 Gyllius,
790 3864 839 3934 qni
867 3859 902 3913 de
923 3857 1022 3912 eodem
1045 3860 1075 3910 in
1097 3857 1356 3928 TopographisUr-

321 3925 368 3978 bit
393 3926 422 3977 L·
446 3929 482 3984 11.
511 3949 534 3991 c,
561 3951 600 3990 ta.
629 3932 723 3984 multis
743 3935 817 4005 aqit,
841 3933 881 3984 ita
904 3930 1033 3984 exhibet:
1061 3933 1281 3986 Κωνσιανῐῑνος
1308 3925 1356 3980 dt-

325 3995 432 4064 σπότης
457 3999 636 4078 ὁῬωμανοῦ
661 4011 748 4070 παῖς,
778 4009 811 4056 ut
834 4003 952 4059 dubium
971 4006 1028 4081 stt,
1058 4019 1152 4059 annon
1177 4000 1316 4056 obeliscus
1338 4015 1357 4050 s
