3042 4825
262 213 318 300 δυ
482 237 753 309 consuitur-rur
783 237 1150 308 rourumocnuur

263 399 360 485 δῆλον
379 395 410 482 ἡ·
432 396 634 479 δομεστιλιους
661 397 725 460 τιδν
752 395 886 478 σχολῶν.
906 398 1004 483 δῆλον
1022 394 1065 462 θ’·
1084 395 1160 478 τοδς
1181 393 1244 466 ἀπὸ
1262 395 1360 492 incip.

262 523 340 583 χιον.
367 497 397 562 εἳ
416 494 537 578 τύχωσι
557 496 592 560 δὲ
618 493 674 559 καί
695 491 849 580 πρέσβεις
877 497 1017 580 μεγάλου
1040 495 1174 582 ἔθνους,
1196 503 1360 587 εἰσέρχον-

260 622 315 662 ται
343 591 404 660 ἀαδ
434 591 623 676 κελεδσεοος,
657 593 714 658 καί
749 591 1021 679 προσκυνήσαντες
1055 593 1109 662 τὸν
1137 601 1272 680 βασιλέα
1304 597 1361 666 καί

132 693 503 775 Εδλ.3δάσιιασάμενοι,
534 694 734 779 ἐξέρχονται,
769 695 872 778 μηδὲν
900 695 1004 780 ἕτερον
1025 695 1222 782 πράττοντες.
1286 701 1356 789 (Δ.)

261 800 332 868 Καί
349 790 411 860 εἶθ’
432 787 532 869 οὕτως
551 791 657 876 λαβών
679 795 782 876 νεῦμα
803 791 822 857 6
843 793 1048 880 πραιιιόσιτος
1068 795 1154 882 παρὰ
1183 801 1245 862 τοῦ
1263 804 1376 881 βασι-5

259 902 355 975 λέως,
377 895 459 976 λέγει
477 889 622 975 μεγάλως
641 889 677 957 τὸ
698 890 916 975 „ericinam”
948 889 1083 973 ἅπαντες
1105 897 1140 962 δὲ
1163 897 1355 984 ἀνταποκρί-

261 1018 379 1061 νονται·
419 993 485 1074 ,εἷς
514 990 652 1068 πολλοὺς
680 989 736 1055 καί
763 991 911 1076 ἀγαθοδς
938 991 1072 1077 χρόνους
1093 993 1110 1060 6
1134 993 1217 1072 Θεὸς
1243 995 1357 1081 ἀγάγοι

258 1093 318 1180 τὴν
343 1090 508 1176 βασιλείαν
529 1089 651 1172 δμῶν”.
683 1089 740 1154 καί
756 1092 943 1177 ῗξέρχονται
964 1088 1038 1158 ὅθεν
1057 1095 1215 1179 εἰσῆλθον,
1235 1101 1358 1180 βαστα-

259 1195 393 1278 ζομένον
415 1191 474 1255 τοῦ
493 1189 685 1275 δήλου,τοῦ
705 1181 794 1266 ὄντος
817 1188 899 1255 κάτοο
920 1193 956 1257 ἕν
975 1201 1042 1268 τοῖς
1062 1191 1178 1275 κίοσιν,
1206 1192 1269 1259 ὑπὸ
1291 1197 1356 1260 τῶν

258 1293 491 1381 προειρημένων
506 1287 565 1353 δδο
585 1289 814 1375 σιλεντιαρίων.
835 1288 893 1356 καί
908 1287 1037 1356 πάντων
1057 1290 1259 1374 ἐξελθόντων,
1280 1293 1398 1366 ἀνί-ιο

258 1410 375 1460 σταται
396 1389 413 1454 6
433 1387 604 1474 βασιλεῦς,
634 1386 690 1453 καὶ
708 1389 883 1476 ἀπέρχεται
914 1381 1048 1457 ὄπισθεν
1068 1395 1132 1457 τῶν
1160 1391 1203 1456 ιθ’
1224 1393 1357 1475 ἀκουβί-

257 1517 320 1558 τοον
339 1487 417 1580 πρὸς
436 1487 472 1556 ro·
493 1487 672 1566 ὑπαλλάξαι
691 1485 748 1554 τδν
769 1494 872 1576 λῶρον
893 1486 947 1554 διά
973 1495 1035 1556 τῶν
1054 1487 1270 1577 βεστιμδρων,
1301 1489 1358 1556 καί

259 1592 353 1678 ἡνίκα
374 1589 565 1671 ἀπαλλάξει,
586 1589 772 1676 ἐξέρχονται
793 1587 823 1655 οἱ
844 1591 1048 1677 βεστὴτορες,
1078 1589 1135 1657 καί
1147 1595 1236 1675 μένει
1256 1591 1273 1656 6
1294 1595 1356 1674 βα·
1391 1635 1394 1638 -

259 1690 366 1768 σιλεδς
390 1689 470 1775 μετοὶ
491 1694 548 1756 τοῦ
569 1689 792 1773 κουβουκλείου
819 1685 937 1773 μόνου,
967 1693 1023 1756 καί
1040 1689 1192 1780 στέφεται
1212 1689 1274 1758 ὖιτὸ
1296 1693 1356 1758 τοῦ

259 1795 487 1879 πραιποσίτου,
522 1791 578 1854 καί
598 1789 783 1875 ἐξέρχεται,
818 1791 943 1873 κρατῶν
963 1793 999 1857 έν
1018 1795 1080 1874 μὲν
1099 1795 1137 1882 τῇ
1158 1794 1243 1882 δεξιᾷ
1265 1789 1395 1880 χειρίιά

194 1897 196 1902 ’
234 1889 477 1971 Βάνεξικακίαν,
510 1889 544 1953 έν
575 1890 612 1953 δὲ
643 1889 684 1976 τῇ
717 1887 869 1979 ἀριστερᾷ
898 1890 1061 1976 σκηπίωνα
1088 1891 1284 1974 ἐπικείμενον
1310 1893 1354 1981 τῷ
1377 1942 1381 1950 ,

119 1983 340 2080 bis.ia.boipccp
360 1989 480 2071 orituri,
512 1983 567 2052 καί
586 1989 747 2074 διέρχεται
765 1993 863 2071 μέσον
884 1988 939 2054 διδ
959 1995 1018 2056 τοῦ
1037 1991 1176 2075 μεγάλου
1195 1994 1354 2078 τρικλίνου

256 2089 313 2157 καί
337 2091 402 2156 τῶν
425 2084 483 2152 δύο
503 2087 636 2171 κιόνων,
658 2087 738 2155 ἔνθα
758 2086 795 2154 τὸ
816 2091 913 2176 δῆλον
933 2093 1099 2177 κρέμαται.
1142 2094 1353 2174 ἕξερχομὲνου

230 2185 294 2256 ’δέ
322 2191 380 2254 τοῦ
410 2190 568 2272 βασιλέως
597 2185 660 2252 ἀπδ
692 2189 750 2252 τοῦ
779 2188 898 2274 δήλου,
930 2189 1055 2254 torrear
1082 2193 1116 2269 ἐξ
1144 2184 1352 2276 ἀριστερᾶςδ

256 2287 467 2374 δρουγγδριος
498 2289 555 2372 τῆς
574 2290 687 2372 βίγλας
707 2285 763 2351 καί
782 2283 1065 2373 πρωτοσπαθάριοι
1092 2290 1263 2374 βαρβάτοι,
1296 2283 1392 2357 :raino

255 2384 497 2476 δηριγευὸμενος
527 2381 544 2453 6
574 2384 726 2473 βασιλεδς
752 2385 820 2475 rino*
849 2389 914 2453 τῶν
943 2385 1105 2473 ἀρχόντων
1131 2390 1188 2454 τοῦ
1216 2394 1351 2472 κουβου-

255 2488 370 2572 κλείον,
402 2489 563 2575 διέρχεται
591 2484 646 2554 διαὶ
671 2490 732 2553 τοῦ
759 2484 913 2573 πόρτηκος
938 2490 997 2551 τοῦ
1016 2486 1156 2571 μεγάλου
1183 2492 1350 2574 τρικλίνου,

253 2584 333 2653 ἔνθα
349 2588 369 2673 ἦ
392 2584 517 2665 ἔκθεσις
533 2588 596 2654 τῶν
615 2586 658 2652 ιθ’
674 2587 851 2670 ἀκουβίτοον
866 2588 1007 2668 τίθεται,
1027 2586 1083 2651 καί
1095 2585 1243 2652 ἀπελθών
1258 2590 1352 2653 ἵστα-

253 2713 310 2755 ται
326 2690 361 2755 έν
386 2690 474 2779 μέσιρ
496 2691 560 2756 τῶν
582 2684 641 2754 δδο
663 2682 789 2755 κιόνων.
829 2683 886 2753 καί
901 2689 1048 2771 δέχονται
1069 2682 1169 2754 ου’τδν
1181 2688 1283 2753 ἐκεῖσε
1304 2690 1350 2765 εἰς

253 2786 310 2857 τδν
333 2788 469 2855 ἀνδποδα
493 2787 657 2876 πατρίκιοί
671 2813 704 2854 τε
736 2785 794 2855 καί
818 2785 1005 2875 στρατηγοί,
1034 2790 1091 2853 καί
1111 2786 1389 2875 προσκυνήσειν-ος

323 2902 412 2965 ο.“Λκ
429 2906 491 2979 τδχ.
511 2906 555 2966 εδ.

252 3044 340 3115 ιολεος
365 3046 457 3101 velum
481 3056 604 3115 textum,
631 3048 744 3103 comites
766 3046 938 3115 scholarum
964 3046 1128 3116 septimum,
1153 3044 1348 3117 Imperatorio!

252 3118 431 3185 candidatos3
454 3128 596 3183 octavum,
615 3120 780 3173 domesticos
804 3119 975 3185 scholarum;
998 3136 1118 3179 nouum,
1141 3119 1348 3188 expraefectus,

251 3190 372 3244 adducit.
410 3191 439 3243 Si
458 3208 521 3243 vero
541 3190 624 3243 etiam
641 3206 755 3261 magnae
773 3190 914 3243 cuiusdam
933 3190 1021 3312 pentir
1040 3190 1122 3258 iegati
1148 3190 1178 3241 in
1203 3188 1272 3241 urbe
1293 3189 1347 3242 ad-

251 3263 321 3326 sint,
340 3278 374 3314 ex
391 3260 519 3315 mandato
540 3262 651 3324 intrant,
674 3270 702 3312 et
720 3261 885 3331 Imperatore
905 3279 933 3312 sa
946 3269 1021 3313 utato
1040 3263 1189 3331 osculoque
1209 3257 1282 3321 tinto,
1299 3262 1346 3312 ni·

250 3331 293 3385 bii
312 3342 451 3405 praeterea
471 3340 580 3402 agentes
599 3331 752 3384 discedunt.
796 3330 865 3402 (IV.)
884 3331 993 3383 Deinde
1017 3330 1095 3399 signo
1122 3330 1157 3383 ab
1181 3331 1346 3400 imperatore

251 3412 380 3475 accepto,
398 3404 453 3455 uita
468 3420 534 3453 voce
553 3404 723 3471 praepositus
738 3401 823 3454 dicit:
840 3402 952 3469 [αδετις
972 3418 1065 3454 omnes
1082 3419 1146 3454 vero
1169 3400 1344 3471 respondent:

249 3477 285 3529 ln
309 3476 394 3547 ionga
413 3470 575 3547 feliciaque
599 3486 722 3545 tempora
745 3475 821 3527 Deru
845 3474 1016 3527 maiestatem
1040 3486 1163 3526 uestram
1189 3470 1348 3543 perducat!

248 3546 314 3599 Post
352 3564 385 3598 ua
403 3545 517 3615 ingrcssi
539 3552 616 3597 crant
636 3552 754 3609 exeunt,
781 3544 859 3606 velo,
888 3544 962 3615 qnod
988 3542 1061 3595 inira
1082 3544 1112 3597 in
1134 3542 1269 3595 columnis
1288 3550 1345 3605 est,

249 3564 364 3669 adiciis
385 3614 492 3668 dnobus
511 3614 670 3668 silentiariis
690 3622 809 3687 portato.
847 3613 982 3667 Omnibus
1002 3614 1130 3684 egressis,
1149 3614 1237 3683 surgit
1254 3614 1345 3681 Impe-

249 3694 340 3747 rator,
367 3695 396 3740 et
422 3684 456 3738 ari
481 3686 548 3739 xix.
576 3686 718 3739 accubitus
748 3684 826 3749 abit,
853 3694 885 3738 ut
901 3686 991 3737 iorum
1011 3700 1061 3753 per
1078 3688 1220 3738 vestitores
1239 3691 1344 3744 mutet.

249 3774 306 3829 quo
324 3758 412 3819 facto,
431 3757 609 3811 vestitoribus
637 3754 861 3820 discedentibus,
888 3773 949 3809 cum
969 3754 1096 3807 cubiculo
1119 3756 1177 3807 solo
1195 3761 1296 3816 manet,
1314 3760 1344 3804 et

248 3846 264 3880 a
283 3831 440 3899 praeposito
453 3836 618 3891 coronatus,
636 3826 775 3899 procedit,
800 3836 894 3881 dextra
912 3844 993 3879 manu
1009 3828 1143 3890 acaciam,
1161 3824 1270 3877 sinistra
1287 3823 1344 3874 sci-

247 3900 361 3971 pionem
379 3898 493 3951 humero
512 3900 667 3970 impositum
691 3908 816 3985 pectam,
834 3914 939 3971 perque
958 3896 1078 3949 medium
1103 3913 1229 3965 magnum
1251 3893 1342 3946 tricli-

248 3971 326 4023 nium
344 3978 373 4023 et
390 3969 457 4021 duas
472 3972 625 4035 columnas,
650 3970 699 4023 utu
717 3988 879 4039 suspensum
895 3968 986 4021 velum
1006 3976 1059 4032 est,
1078 3969 1185 4019 transit.
1222 3966 1261 4017 Im
1283 3982 1343 4017 era·

248 4048 309 4095 tore
330 4049 421 4093 autem
439 4058 454 4095 e
470 4042 532 4093 velo
550 4058 667 4111 egresso,
686 4041 722 4095 ad
737 4042 878 4094 sinistrum
899 4038 1061 4109 drungarius
1079 4040 1193 4109 vigilum
1212 3984 1341 4090 barbati·

249 4128 304 4183 que
318 4111 531 4182 protospatharii
545 4120 638 4175 stant,
655 4118 684 4165 et
708 4112 767 4184 ipse
789 4129 806 4165 a
828 4110 948 4163 cubiculi
966 4109 1114 4179 praefectis
1139 4108 1276 4177 stipatus,
1292 4122 1343 4176 per

176 4230 179 4237 ,
247 4184 338 4253 mgni
350 4180 472 4238 cubiculi
493 4184 647 4256 porticum,
663 4182 715 4237 ubi
731 4190 877 4255 apparatus
894 4181 964 4258 iiix.
976 4178 1153 4235 accubituum
1175 4180 1341 4241 instruitur,
