3042 4825
276 241 332 306 οε
366 233 564 334 naamon.
593 232 731 314 amsa
757 233 930 302 inmun.
948 237 991 300 u.
1016 237 1049 307 ν,
1150 207 1238 324 537

129 395 198 459 τοῦ
217 391 419 482 πατριάρχου
441 393 704 482 προσφερόμενα,
726 390 784 456 καί
802 388 949 477 αἴρουσιν
967 383 1031 456 ἀπό
1050 389 1115 456 τῶν
1135 390 1237 461 ἐκεῖσε

129 491 195 578 τόν
215 491 318 578 λιτὴν,
340 491 518 577 ψάλλοντος
544 497 602 559 τοῦ
623 493 741 578 κλήρου
769 488 806 556 τό
848 490 951 572 ,δόξα
972 492 1038 571 σοί,
1068 491 1190 573 Χριστὲ
1215 487 1236 553 δ

134 587 248 670 Θεός.”
290 595 353 660 τῶν
373 597 411 659 δὲ
433 596 594 659 δεσποτῶν
616 594 833 678 ἐξερχομένων
854 587 890 656 τό
906 585 1235 673 βῆμα,ιλαμβάνουσι

128 689 224 776 παρὰ
246 697 310 758 τεόν
339 693 557 780 πραιπσσίτων
584 691 678 779 κηρία
708 693 887 772 λιτανίιιια,
922 692 979 754 καί
1000 683 1070 770 ἅμα
1091 691 1153 752 τοῦ
1172 713 1235 753 πα-

104 787 292 876 5τριάρχου
319 793 523 859 λιτανεόουσι
543 795 643 878 μέχρι
663 794 725 856 τῶν
745 789 845 877 ἀγίων
866 787 1014 870 πάντων,
1044 784 1101 852 καί
1119 790 1175 872 τῆς
1196 779 1237 850 oi-

127 891 304 965 κυλουθίας
330 895 394 958 ι’ὤν
422 886 573 971 ἀνοιξεων
599 892 820 974 τελεσθείσης,
846 881 946 973 ἤγουν
965 890 1030 952 τῶν
1048 889 1384 970 s'yxossebss‚ffi,1g2,r,

126 990 331 1055 εἷσοδεόουσι
359 989 416 1054 καί
440 993 641 1076 εἰσέρχονται
660 991 695 1055 όν
713 991 758 1077 τῷ
785 986 925 1072 βήματι,
954 987 1063 1062 καθιός
1092 984 1232 1072 ῆσυνή-

125 1092 207 1152 &eta
228 1085 314 1171 ἔχει,
335 1088 392 1154 καί
409 1083 472 1154 ἀπό
494 1091 557 1155 τεόν
577 1090 678 1154 ε’κεῖσε
700 1087 755 1153 διό
775 1079 842 1153 ταδ’
853 1084 932 1173 πρός
951 1084 1109 1170 ἀνατολὴν
1130 1086 1235 1165 δεξιοῦ

124 1188 249 1270 μέρους
268 1189 469 1273 εἰσέρχονται
487 1189 523 1254 ἐν
540 1189 585 1276 τῷ
605 1183 759 1276 εάκτηρίιρ
786 1189 843 1270 τῆς
871 1187 969 1271 αὐτῆς
988 1188 1154 1270 ἐκκλησίας
1173 1187 1262 1252 rasili

85 1285 223 1368 ῐοόγιλιυ
242 1283 409 1371 μάρτυρος
429 1288 587 1369 Λέοντος,
617 1287 742 1352 κάκεῖσε
763 1284 819 1350 διό
838 1289 897 1370 τῆς
922 1288 1052 1373 τρίσσης
1071 1283 1154 1368 μετό
1174 1287 1237 1352 τῶν

126 1387 236 1468 κηριόν
264 1387 509 1472 προσκυνήσεως
530 1381 822 1472 ἀπευχαριστοῦσιν
841 1388 886 1473 τῷ
908 1386 980 1473 Θεῷ
991 1435 1001 1466 ,
1029 1385 1086 1450 κατ’
1115 1380 1236 1462 κάθέως

128 1483 412 1568 ἀποχαιρετιζουσι
430 1483 485 1550 τόν
514 1483 718 1572 πατριάρχην
730 1535 741 1566 ,
770 1486 884 1550 τοῦτον
912 1478 1139 1565 ἀσπαζόμενοι.
1180 1483 1238 1550 καὶ

127 1579 229 1662 ὃμὲν
249 1582 451 1670 πατριάρχης
473 1578 648 1670 ἀπέρχεται
677 1585 724 1660 είς
745 1582 825 1660 νοός
846 1579 956 1666 ἆγιλιυς
975 1583 1106 1661 πάντας.
1147 1582 1178 1649 οἱ
1199 1587 1236 1651 δὲ

61 1703 63 1707 ·
127 1679 281 1744 δεσπόται
303 1679 358 1745 διὰ
379 1686 437 1745 τοῦ
461 1680 550 1747 ἔνδον
569 1685 627 1747 τοῦ
649 1681 793 1765 βήματος
819 1680 948 1771 κυκλίου
971 1681 1168 1768 ἀπέρχονται
1188 1683 1234 1759 εἰς

88 1776 166 1846 τ5τὸ
190 1779 358 1864 εάκτὴριον
385 1783 442 1865 τῆς
469 1780 563 1864 ἀγίας
593 1779 650 1845 καί
672 1783 838 1864 βασιλίδος
870 1782 1066 1867 Θεοφανοός.
1108 1780 1234 1846 κάκεῖσε

126 1879 370 1970 ἀπαλλάσσουσι
391 1877 431 1943 τοὶ
451 1882 624 1962 χλανίδια,
655 1883 711 1945 καί
730 1881 922 1958 καθέζονται
951 1875 1153 1962 ἐκδεχόμενοι
1172 1876 1262 1962 τῆνα
1340 1922 1343 1929 ,

125 1980 186 2040 τοῦ
205 1962 298 2060 ἀγών
328 1971 511 2062 εὐαγγελίου
540 1977 728 2062 ἀνάγνωσιν.
771 1981 831 2044 τοῦ
860 1980 896 2045 δὲ
924 1977 1016 2062 όγίου
1045 1979 1232 2062 εάαγγελίου

80 2113 83 2128 ·
124 2079 295 2156 μέλλοντος
316 2075 600 2160 ἀναγινώσκεσθαι,
621 2079 804 2164 ἐξέρχονται
828 2073 892 2154 ἔξω
912 2080 973 2139 τοῦ
997 2066 1099 2142 usitari
1119 2076 1233 2161 εάκιη-

125 2175 218 2260 ρίου,
246 2177 301 2240 καί
320 2177 465 2246 ἵστανται
484 2174 574 2242 ἔνδον
594 2182 653 2243 τοῦ
680 2179 782 2242 ἐκεῖσε
811 2175 1098 2259 ἀποκρεμμαμένου
1129 2172 1230 2259 βηλου

86 2274 171 2352 ποιός
190 2271 270 2360 πρός
289 2270 325 2339 τό
345 2276 454 2357 βῆμα,
485 2277 541 2338 καί
567 2278 730 2340 ποιοῦνται
756 2272 815 2361 την
834 2276 894 2339 τοῦ
921 2273 1012 2358 ἀγίου
1043 2269 1230 2357 εὐαγγελίου
1264 2285 1269 2302 ·

127 2369 296 2461 ἀκρόασιν,
326 2374 382 2438 κατ’
400 2370 483 2457 μετὰ
505 2370 564 2459 την
584 2376 744 2440 τελείωσιν
765 2375 825 2439 τοῦ
845 2371 937 2457 όγίου
957 2371 1141 2457 εὐαγγελίου
1163 2374 1230 2439 εἰσ·-
1290 2411 1297 2432 ι

127 2478 276 2561 έρχονται
295 2472 390 2539 πόλιν
409 2476 444 2539 ἐν
471 2475 518 2563 τῷ
540 2466 627 2561 αότῷ
649 2473 805 2563 εόκτηρίηι
826 2475 884 2559 τῆς
914 2470 1005 2556 ἀγίας
1030 2473 1228 2559 Θεοφανοός,

126 2684 172 2728 tur
191 2674 442 2746 supplicabundam
461 2677 681 2746 processionem,
706 2674 780 2727 clero
799 2680 916 2728 canente
932 2673 1019 2728 illud:
1042 2674 1142 2728 Gloria
1160 2674 1227 2738 alt,

129 2748 234 2801 Christe
253 2748 338 2803 Deus.
373 2745 488 2799 Domini
509 2747 560 2800 bac
578 2748 608 2799 in
624 2747 802 2816 processione
828 2762 843 2797 e
861 2746 971 2810 bemate
991 2744 1162 2813 egredientes
1182 2758 1228 2797 εο-

127 2818 234 2885 cipiunt
253 2834 268 2869 a
285 2818 452 2886 praepositis
471 2830 563 2869 cereos
593 2818 828 2886 processionales,
854 2824 883 2868 et
900 2817 955 2880 sic,
974 2815 1122 2867 comitante
1139 2814 1228 2885 patri-

126 2886 220 2951 archa,
245 2887 401 2957 procedunt
433 2894 574 2938 cantantes
595 2888 711 2959 Deoque
735 2888 924 2957 supplicantes
951 2902 1039 2956 usque
1068 2883 1104 2935 ad
1128 2886 1229 2939 aedem

126 2959 286 3011 Sanctorum
305 2958 446 3025 omnium3
467 2955 516 3008 ubi
541 2966 605 3026 post
634 2966 776 3027 peractum
795 2973 939 3011 anoexeon
956 2961 1006 3007 sen
1034 2956 1227 3024 apertionum,

125 3028 176 3091 rel,
195 3028 271 3099 quod
291 3027 365 3079 idem
386 3036 436 3093 est,
455 3028 650 3079 encaeniorum
668 3027 796 3091 officium,
816 3026 857 3102 [id
875 3035 918 3078 est
934 3034 999 3098 post
1017 3024 1104 3079 dictas
1121 3042 1227 3097 preces,

127 3115 196 3169 quae
214 3099 244 3147 in
263 3098 406 3149 annuatim
425 3098 582 3151 renovanda
604 3098 747 3150 dedicatae
757 3100 839 3152 istius
858 3097 934 3149 aedis
952 3099 1085 3149 memoria
1104 3096 1160 3148 dici
1178 3115 1226 3150 so·

126 3169 199 3232 lent,
220 3178 248 3223 et
266 3184 316 3238 per
332 3185 400 3241 quas
419 3169 524 3222 nemini
548 3168 583 3220 ad
601 3170 721 3221 clausam
739 3170 837 3221 aedem
862 3168 954 3221 aditus
980 3166 1079 3241 patet,]
1099 3167 1226 3223 inserunt

126 3238 241 3323 pedem,
262 3249 290 3291 et
307 3238 521 3307 progrediuntur
537 3240 567 3291 in
586 3242 644 3293 eius
664 3240 740 3293 aedis
758 3240 854 3304 bema,
872 3247 955 3309 prout
974 3255 1032 3289 mos
1052 3246 1109 3304 est3
1127 3247 1157 3290 et
1175 3254 1225 3291 ea·

127 3309 189 3361 rude
207 3326 258 3378 per
277 3308 399 3361 dextram
414 3309 562 3363 tribunalis
583 3312 746 3363 orientalem
761 3312 871 3381 plagam
889 3312 994 3361 intrant
1011 3310 1042 3361 in
1059 3312 1224 3375 oratorium,

126 3379 199 3451 qnod
217 3378 322 3431 ibidem
342 3389 402 3445 est,
421 3382 447 3433 S.
465 3382 565 3433 Leonis
576 3382 718 3448 Martyris,
739 3390 769 3433 et
785 3384 858 3434 trina
876 3398 937 3432 cum
956 3381 1041 3431 cereis
1059 3380 1222 3433 adoratione

24 3450 29 3457 '
125 3450 210 3503 Deum
232 3450 274 3500 ihi
297 3452 439 3516 venerati,
460 3455 587 3522 protinus
610 3450 772 3506 valedicunt
794 3461 824 3506 et
841 3452 966 3503 osculum
989 3451 1065 3521 pacis
1084 3451 1153 3503 dant
1168 3466 1222 3519 pa-

128 3520 268 3573 triarchae.
305 3522 339 3573 Et
355 3524 510 3593 patriarcba
524 3522 637 3593 quidem
656 3523 716 3574 abit
734 3524 766 3574 in
787 3523 884 3576 aedem
899 3523 1061 3575 Sanctorum
1080 3522 1222 3573 omnium:

125 3592 233 3644 Domini
257 3598 349 3645 aulem
380 3609 431 3663 per
454 3593 609 3657 cochleam,
634 3600 767 3664 quaeest
787 3594 860 3647 intra
878 3592 978 3653 berna,
996 3592 1102 3644 abeunt
1118 3591 1154 3642 ad
1172 3608 1223 3643 eu·

126 3663 236 3713 sterium
261 3671 372 3715 sanotae
396 3665 579 3733 Imperatrieis
599 3663 835 3735 Theophanonia,
855 3663 949 3737 [quod
973 3663 1063 3715 estin
1084 3662 1153 3714 aede
1171 3662 1219 3715 SS.

125 3732 336 3807 Apostolorum]
356 3733 455 3805 ibique
474 3734 607 3806 depositis
625 3736 735 3799 tunicis,
754 3743 915 3805 exspectant
931 3742 1040 3803 tempus
1053 3740 1129 3804 ‚'quo
1146 3732 1220 3784 reci-

126 3802 173 3853 tari
197 3812 322 3857 sanctum
353 3808 525 3875 evangelium
552 3805 643 3859 debet.
680 3807 719 3859 Eo
739 3806 870 3870 instante,
898 3812 1003 3858 exeunt
1024 3804 1161 3867 oratorio,
1190 3809 1220 3855 et

126 3874 276 3927 stantintra
295 3875 387 3928 velum
406 3876 511 3929 ibidem
532 3886 676 3947 capture,
702 3892 775 3949 quae
792 3877 873 3930 bema
892 3876 1021 3945 respicit,
1040 3888 1219 3943 suspensum,

126 3942 294 4017 audiuntque
315 3945 347 4019 [a
365 3942 476 4001 nemine
498 3946 666 4071 conspeetipJ
682 3947 831 4000 lectionem
855 3948 942 3999 sancti
974 3945 1119 4013 evangelii.
1155 3943 1220 4014 Qua

126 4015 206 4077 linita,
219 4017 338 4069 redeunt
355 4019 384 4069 in
403 4017 475 4071 idem
495 4027 605 4071 sanctae
623 4022 646 4073 T
669 4019 841 4089 oophanonis
859 4018 1022 4078 eueterium,
1040 4016 1137 4087 ibique
1150 4014 1220 4068 resi-

126 4082 215 4137 dentes
234 4087 365 4141 ordinant
388 4090 547 4153 eleterium,
575 4089 622 4161 [id
642 4096 685 4143 est
700 4090 864 4142 nominatim
892 4089 1039 4156 designant
1069 4094 1098 4140 et
1131 4098 1219 4137 sno-

125 4157 286 4214 manclalors
302 4160 508 4226 duritatem,
528 4176 598 4233 quos
617 4176 650 4215 eo
677 4158 723 4215 dle
740 4160 796 4213 ribi
812 4160 912 4218 volunt
928 4159 1055 4216 convivas
1072 4154 1218 4212 accumbe-
