3042 4825
317 208 374 273 on
402 204 600 274 mauron.
631 202 771 271 eman
797 198 968 275 amur.
999 210 1026 273 ι.
1045 214 1098 289 89.
1173 180 1260 284 403

166 359 272 451 dommi
299 353 400 427 αότδν
418 356 438 428 ό
454 356 629 449 μόγιστρος
658 356 721 449 πρό
741 359 869 429 πάντων
898 386 955 447 περ

165 462 323 543 βασιλέως
342 460 447 525 αὐτοῦ
450 509 468 545 ἦ,
500 458 609 527 ἔπειτα
637 461 693 526 καί
719 458 796 546 περί
813 463 877 527 τῶν
896 462 1012 527 τέκνων
1030 462 1091 524 τοῦ
1108 464 1266 544 βασιλέως

47 592 72 651 ·.
165 550 267 623 edroi
286 561 343 623 καί
361 555 436 645 περί
454 560 518 625 τῶν
548 554 715 646 ἀρχόντων
745 560 802 624 καί
826 561 902 647 περί
926 560 983 643 τῆς
1010 553 1267 625 adsciscitur?

165 654 254 720 οἴκου
283 651 385 721 αόταῦ
406 655 534 741 όγείας,
565 659 620 724 καί
639 660 707 734 πῶς
726 650 825 744 ἦλθε,
858 656 908 743 μή
932 657 971 723 τί
992 682 1068 737 ποτε
1089 659 1123 722 έν
1141 656 1181 743 τῇ
1201 652 1267 747 όδηῖ

144 745 319 839 δέσιόνθη,
339 752 386 841 μή
407 754 445 821 τί
458 780 535 822 ποτε
554 754 777 847 παρελείφθη,
797 754 854 823 καί
872 760 956 842 λέγει
976 750 1025 823 ότι
1053 752 1266 840 ,ἐκελεύσθη-

162 876 224 935 μεν
242 851 331 941 παρό
349 856 406 921 τοῦ
426 855 579 940 εόοεβοός
597 852 688 942 ἡμῶν
723 856 881 924 δεσπότου
902 852 1009 924 πάντα
1026 858 1072 933 εἰς
1090 856 1267 941 θεραπείαν

163 973 226 1017 σου
255 956 405 1038 ποιῆσαι·
446 950 505 1021 έόν
524 948 583 1021 σόν
602 953 641 1022 τί
653 976 732 1021 ποτε
749 957 970 1043 παρελείφθη,
1002 957 1095 1021 τοῦτο
1115 951 1267 1039 ἡμέτερόν

161 1050 251 1116 ἐστιν
286 1060 446 1135 πταῖσμα.
485 1051 544 1119 καί
566 1055 814 1141 παρακαλοῦμεν
844 1054 931 1137 όμός
960 1054 1042 1139 μήτε
1080 1056 1265 1139 λυπηθῆναι

162 1152 247 1235 μηδὲ
276 1153 455 1237 σιωπῆσαι,
482 1145 564 1218 όλλό
593 1154 694 1219 εἰπεῖν
723 1153 817 1241 ἡμῖν,
839 1155 892 1219 ἴνα
914 1152 1085 1239 διόρθωσις
1103 1154 1263 1237 γένηται.”

123 1252 398 1335 εοπροσκυνοῦσιν
417 1253 455 1317 δέ
472 1248 528 1319 τόν
546 1250 719 1339 μόηιστρον
738 1250 796 1317 καί
822 1250 851 1317 οἱ
870 1256 939 1334 μετ’
958 1250 1058 1317 adseri
1078 1243 1165 1327 ὄντες
1184 1250 1264 1315 miv-
1365 1248 1367 1253 ’

163 1370 233 1429 τες,
264 1345 429 1433 ῥίπτοντες
454 1344 593 1427 ἓαυτοός
620 1352 676 1416 dns*
701 1352 760 1417 τοῦ
779 1349 933 1439 όδόφους.
974 1350 1030 1415 καί
1050 1342 1102 1415 ότε
1122 1346 1198 1436 δόξη
1219 1350 1265 1438 τῷ
1272 1354 1297 1408 Ι)

162 1443 295 1528 βασιλεῖ
317 1448 473 1526 δέξασθαι
494 1447 613 1531 atriu,
647 1453 765 1533 πέμπει
786 1446 805 1515 ό
822 1448 997 1534 μόγιστρος
1016 1450 1073 1513 καί
1092 1449 1187 1534 δηλοῖ
1203 1446 1265 1511 αό-

161 1545 208 1633 τηῖ
236 1538 287 1609 ὅτε
326 1547 514 1629 ,ἐκέλευσέν
540 1571 577 1613 σε
605 1543 797 1633 όδεσπότης
825 1548 1007 1612 είσελθεῖν.”
1048 1545 1111 1632 χρὴ
1142 1547 1179 1611 δέ
1210 1543 1267 1611 καί

160 1640 218 1708 τὸν
237 1644 393 1731 δεσπότην
413 1648 449 1712 έν
475 1644 681 1734 Χαλκηδόνι,
711 1648 769 1712 καί
786 1648 930 1712 ἐνταῦθα
949 1646 1122 1730 ἐρχομένου
1142 1644 1267 1727 αὐτοῦ,

126 1742 295 1825 εόπέμψαι
314 1744 515 1831 όηκουρίαινα
534 1743 592 1808 καὶ
610 1742 822 1811 ἀσπάσασθαι
842 1739 942 1809 αότόν
957 1742 1014 1807 καί
1030 1744 1188 1835 ἐρωτῆσαι
1209 1766 1267 1807 πε·

70 1846 75 1853 ’
163 1838 275 1927 ρίτης
297 1836 409 1925 όγείας
428 1845 487 1907 τοῦ
505 1844 662 1927 βασιλέως
681 1843 799 1925 edred,
830 1842 887 1933 καί
913 1842 981 1916 πῶς
1000 1838 1095 1915 αι’πός
1115 1840 1267 1925 διεσώθη.

163 1935 245 2002 iude
274 1940 310 2005 δέ
338 1940 471 2024 δέχηται
498 1934 617 2023 αότόν,
645 1942 767 2022 πέμπει
794 1936 857 2005 dno*
880 1934 940 2023 όψὲ
960 1936 979 2003 ό
998 1936 1170 2023 μόμιστρος
1189 1959 1266 2002 σου·

161 2036 362 2121 βαδίουβαν,
395 2040 453 2103 καί
484 2039 581 2123 δηλοῖ
595 2038 685 2129 αὐτῷ
718 2032 772 2103 ότι
812 2036 998 2117 ,ἐκέλευσέν
1017 2058 1053 2101 σε
1075 2034 1092 2099 ό
1112 2032 1411 2121 βασιλεόςεσμηςη

164 2139 348 2221 apostare,
378 2139 434 2203 καί
452 2135 619 2224 πρόελθε.”
662 2138 717 2202 καί
736 2135 755 2201 ό
777 2131 929 2225 βασιιλεός
950 2134 1066 2216 ὅμοίως
1086 2137 1200 2216 πέμπει
1217 2136 1267 2199 δι-

121 2236 346 2323 ποκουρίοονα,
374 2237 434 2302 καί
458 2234 640 2317 όσπόζεται
668 2230 787 2319 cdxlv,
813 2230 870 2302 καί
890 2234 985 2321 δηλοῖ
1000 2226 1089 2323 αότηῖ
1107 2226 1158 2299 ότι
1196 2234 1411 2335 „123124595

239 2441 280 2497 ιη.
296 2423 414 2480 2on
431 2421 608 2494 δπομδηθον.

171 2595 232 2648 eius
247 2593 377 2676 princeps
394 2594 502 2660 valeat,
525 2594 591 2648 dein
612 2593 682 2668 quid
698 2599 781 2666 agant
802 2593 886 2648 liberi
907 2590 1092 2662 principales,
1117 2593 1176 2642 turn
1193 2585 1263 2659 quid

171 2672 202 2718 et
215 2664 312 2738 quala
326 2680 387 2717 esus
421 2681 543 2732 roceres;
581 2683 644 2719 οπο
659 2667 690 2719 in
716 2665 820 2738 quibus
845 2681 936 2718 rernm
956 2663 1015 2734 ipse
1037 2663 1144 2730 legatus
1170 2675 1263 2714 vorse-

167 2742 229 2801 tur,
250 2744 280 2788 et
295 2683 436 2806 quomodo
450 2737 542 2791 valeat
566 2737 660 2788 nmilia
678 2737 755 2803 εἰσι,
774 2733 913 2807 quomodo
929 2735 984 2785 iter
1002 2731 1166 2796 confecerit3
1191 2747 1261 2782 uum,

168 2803 373 2857 incommodum
388 2805 552 2860 damnumve
567 2807 720 2876 acceperit3
738 2821 805 2860 num
824 2803 893 2876 quid
911 2802 1088 2856 officioruml
1109 2801 1133 2852 si
1148 2799 1261 2851 debito-

167 2893 229 2928 rum
246 2893 262 2925 a
280 2877 467 2941 nostratibus,
487 2878 597 2930 itineris
619 2877 784 2942 comitibus,
808 2874 1039 2947 praetermissum.
1101 2887 1130 2924 os
1145 2867 1261 2942 quidem

167 2944 227 3068 gia
246 2945 330 2998 debet
350 2947 480 3016 magister
499 2964 546 3000 eos
569 2963 674 3000 errores
699 2947 846 3019 excusare)
870 2948 900 2998 in
916 2943 1052 2996 mandatis
1067 2959 1083 2993 a
1099 2942 1147 3012 pio
1162 2949 1257 2992 nostro

196 3017 289 3067 omino
310 3014 478 3083 habuimus,
500 3018 593 3071 omnia
616 3019 647 3071 in
668 3020 773 3072 cultum
797 3013 1027 3085 commodumque
1051 3019 1131 3066 tunm
1154 3011 1253 3062 lacere.

168 3086 200 3140 Si
216 3085 285 3158 quid
297 3087 381 3156 igitur
396 3103 491 3141 eorum
503 3091 725 3160 praetermissum
737 3089 807 3153 luit,
823 3085 948 3139 socordia
962 3085 1098 3155 culpaque
1115 3097 1147 3134 ea
1164 3089 1258 3134 nostru

172 3164 231 3223 esar
249 3171 427 3231 rogamusque
441 3166 468 3211 te
483 3161 596 3212 comites
617 3175 652 3213 ue
669 3171 747 3224 tuos,
767 3159 862 3211 nolitis
879 3155 951 3209 illud
968 3169 1047 3224 aegre
1066 3154 1139 3206 ferre
1158 3161 1207 3204 aut
1219 3153 1258 3204 si-

168 3225 259 3279 lentio
274 3227 375 3298 celare;
393 3230 442 3282 sed
454 3230 585 3302 eloquere
597 3230 699 3295 lrbere,
719 3237 753 3282 ut
762 3231 944 3301 imposterum
958 3225 1104 3295 providere
1121 3231 1151 3277 et
1163 3239 1259 3274 emen-

169 3296 238 3349 dare
257 3300 400 3352 commissa
424 3317 564 3373 queamus.
599 3305 717 3371 Legatos
736 3299 773 3352 ad
794 3299 862 3352 haec
881 3315 925 3350 rna
943 3298 1012 3348 istro
1032 3295 1133 3366 patiar
1154 3293 1259 3362 agitet

168 3371 377 3423 venerationem
395 3379 596 3426 commonstrat
631 3375 696 3426 liius
712 3371 825 3424 comites
841 3315 946 3440 parituri
960 3367 1119 3435 magistrum
1134 3363 1262 3418 humilli-

171 3454 217 3490 mo
236 3442 313 3493 cultu
336 3441 454 3495 adorant
476 3445 507 3496 in
520 3453 620 3496 terram
633 3443 780 3513 provoluti.
811 3442 905 3512 Quum
918 3438 983 3490 dein
997 3436 1160 3508 Imperatori
1171 3435 1261 3486 visum

171 3509 258 3562 suerit
274 3511 394 3581 legatum
416 3530 507 3571 coram
530 3531 559 3567 se
577 3513 737 3578 admittere,
757 3513 894 3583 significat
912 3525 943 3562 ee
961 3509 995 3561 de
1020 3523 1050 3559 re
1072 3507 1201 3576 magister
1220 3503 1262 3556 lc·

171 3589 234 3650 gato
253 3581 483 3650 perfamiliarem
502 3585 639 3658 quendam
663 3581 707 3636 lrls
725 3583 831 3638 verbist
853 3582 917 3637 Vult
933 3582 1089 3653 Imperator
1105 3591 1131 3632 te
1145 3579 1178 3630 εἰι
1193 3592 1262 3694 coq-

171 3649 1116 3798 tu‘usuuuu,'uututuuul‘lstlsu
1129 3653 1264 3769 esu

170 3805 201 3841 re
219 3791 433 3862 interrogatum,
452 3745 590 3870 quomoiio
604 3797 695 3851 valeat
707 3798 791 3852 herne
807 3795 910 3866 ipsius,
925 3799 954 3844 et
967 3789 1106 3863 quomodo
1122 3789 1181 3858 ipse
1197 3800 1263 3837 con-

172 3859 271 3913 ductus
292 3861 424 3919 hactenus
444 3868 536 3920 fuerit.
573 3867 693 3940 Quando
717 3877 810 3921 autem
831 3867 862 3916 in
885 3879 920 3915 eo
943 3863 998 3914 iam
1011 3869 1067 3924 est,
1085 3867 1118 3912 ut
1140 3858 1263 3927 legatum

170 3945 262 3983 coram
277 3933 421 4002 admittat,
439 3946 505 3992 tuno
516 3947 611 3992 monet
626 3939 755 4010 magister
767 3955 799 3990 es
814 3935 849 3988 de
862 3949 892 3986 re
908 3933 1029 4004 legatum
1043 3931 1167 4002 proxime
1182 3940 1263 4000 prae·-

169 4001 286 4054 cedente
300 4020 414 4076 vespera
426 4026 477 4080 per
494 4009 675 4064 subadiuvam
692 4026 741 4062 sen
760 4007 916 4061 adiutorem
933 4001 1126 4056 secundarium
1141 3999 1184 4050 his
1200 4011 1263 4052 ver-

168 4069 228 4129 bis:
245 4071 348 4133 Edicit
361 4079 519 4154 Ιπρπαιοι·
528 4093 578 4149 ,ιιι
589 4098 682 4139 com
702 4082 812 4138 venias
850 4078 938 4131 Τιιειεε
953 4091 1022 4150 ergo
1042 4088 1118 4131 πιιπε
1134 4082 1175 4127 ιιι
1190 4083 1264 4125 com·
