3042 4825
289 194 344 258 ur
373 189 572 259 crunon,
599 188 738 256 emur
762 187 932 256 nemun.
963 194 990 257 1.
1011 194 1062 265 τι,
1133 163 1220 252 365

132 344 315 422 ταστόσεοις
335 350 431 433 δηλοῖ
448 347 493 435 τῷ
512 345 729 437 πραιαοσίτρι,
756 344 801 422 σῦς
822 340 872 412 ότι
891 346 995 411 πάντα
1015 344 1127 429 δτοιμό
1146 350 1225 433 ἐστι,
1288 390 1292 398 =

132 446 274 522 κάκεῖνος
293 448 470 534 εἰσέρχεται
489 444 570 534 πρός
587 443 642 513 τόν
661 448 807 529 βασιλέα,
828 445 883 511 καί
895 447 1017 523 εῦδέοσς
1036 448 1226 535 κατέρχεται

132 544 190 610 διὰ
217 548 275 630 τῆς
304 548 428 632 λιθίνης
455 546 573 623 σκόλας
600 548 678 634 πρός
706 545 743 610 τό
763 544 945 625 ὑπαλλάξαι
973 549 1008 611 ἐν
1034 549 1081 637 τῷ
1099 552 1226 614 κοιτῶνι

133 642 258 725 αῦτοῦ,
292 639 356 711 εἶδ’
380 642 482 723 οῦτοις
511 642 718 731 έξερχόμενος
745 646 830 729 λέγει
856 646 902 732 τῷ
929 648 1123 735 πραιποοίτιρ
1150 643 1256 727 „cium

112 740 411 833 5μεταοτόσιμον·”
451 739 593 821 κόκεῖνος
617 746 700 829 λέγει
717 744 1003 827 ,,μετσιστόσιμον.”
1039 738 1056 806 ό
1078 745 1114 809 δὲ
1132 747 1228 828 βασι.

131 840 211 918 λεός
230 843 382 911 εἰσελθών
402 845 438 910 έν
463 846 507 936 τῷ
540 846 641 911 όκεῖσε
654 869 658 876 ⁴
669 843 856 934 μετατωριλγ
875 845 930 909 καί
962 841 1228 929 περιβαλλόμενος

133 940 196 1028 τὴν
212 946 351 1027 χλανίδα
372 942 470 1011 αῦτοῦ
489 944 546 1009 καί
563 941 724 1032 στεφδεός,
759 943 805 1022 οῦς
825 945 845 1029 ἦ
866 938 1022 1028 συνήθεια
1043 941 1120 1025 ἔχει,
1141 944 1229 1028 έξέρ-

133 1064 247 1125 χεται,
267 1042 324 1108 καί
345 1041 585 1131 δηριγεοόμενος
600 1041 667 1111 ’ῦπό
686 1046 750 1109 τῶν
768 1038 931 1129 όρχόντιον
949 1042 1007 1108 τοῦ
1026 1042 1230 1125 κοοβοοκλεί-

135 1164 197 1223 οο,
231 1144 391 1230 ἐξέρχεται
421 1147 477 1210 καί
495 1146 617 1210 inrorat
646 1144 682 1209 έν
700 1145 745 1233 τῷ
762 1140 926 1232 τρικλτῦῳ,
953 1143 988 1207 έν
1008 1131 1035 1229 ᾧ
1054 1141 1169 1229 όριστᾷ
1188 1142 1230 1227 τῇ

96 1236 241 1333 τοῆμέρρι
260 1242 372 1331 έκειῦῃ.
406 1244 464 1308 καί
483 1244 632 1325 δέχονται
651 1240 749 1308 αδτόν
769 1242 870 1307 όκείσε
891 1242 924 1305 οἳ
941 1264 976 1307 τε
996 1238 1156 1329 πατρίκιοι
1176 1239 1233 1305 καί

135 1342 329 1427 στρατηγοὶ,
360 1343 416 1407 καί
433 1341 550 1408 τοῦτον
569 1338 870 1429 προσκννησόντιον,
904 1338 1061 1425 λαμβάνει
1088 1341 1189 1421 νεῦμα
1210 1336 1229 1403 ό

133 1441 345 1525 πρσιπόσιτος
363 1440 452 1527 παρό
473 1443 532 1507 τοῦ
550 1444 716 1525 βασιλέως,
736 1443 792 1507 καί
811 1440 895 1525 λέγει
914 1438 1132 1522 ,,κελεῦσατε.”
1175 1444 1233 1507 καί

136 1540 320 1620 έξελθόντες
341 1537 454 1616 πάντες
474 1543 508 1605 οἳ
524 1566 560 1607 τε
579 1544 739 1627 πατρίκιοι
753 1536 811 1605 καί
822 1540 999 1625 στρατηγοί,
1019 1535 1081 1617 ἔξω
1101 1542 1157 1623 τῆς
1171 1540 1234 1603 πό·

135 1644 195 1724 λης
214 1640 355 1704 ἵστανται
374 1637 457 1721 μετόι
478 1642 533 1725 τῆς
554 1635 739 1725 συγκλήτου·
781 1636 799 1703 ό
822 1639 857 1703 δῦ
877 1637 1028 1721 βασιλεὺς
1050 1640 1177 1704 ἵσταται
1197 1638 1232 1703 όν

100 1740 182 1825 εδτῇ
201 1732 286 1827 οῦδῷ
305 1740 360 1824 τῆς
379 1737 497 1825 πόλης,
517 1738 574 1804 καί
591 1740 715 1805 πάντων
735 1734 1038 1825 προσκονηαόντων,
1061 1738 1193 1801 δίδωσιν
1214 1734 1233 1801 ό

136 1836 347 1923 πραιπόσιτος
366 1836 428 1903 ἀπό
455 1836 629 1915 κελεόσεοος
648 1841 753 1920 νεῦμα
772 1838 815 1926 τῷ
844 1838 901 1921 τῆς
927 1833 1147 1911 καταπόσεως
1175 1834 1231 1901 καί
1236 1849 1261 1902 D

136 1938 224 2021 λέγει
243 1934 460 2019 ,,κελεῦοατε.”
511 1940 598 2025 (Β.)
632 1938 796 2003 Κάκεῖθεν
823 1930 1069 2021 δηριγεοόμενος
1097 1932 1150 1998 ὑπ’
1172 1934 1234 1999 αδ-

138 2037 207 2102 τιῦν
228 2034 246 2101 ό
264 2034 416 2119 βασιλεῦς
437 2035 605 2119 ἀνέρχεται
634 2038 670 2098 ἐν
696 2037 742 2119 τῷ
770 2036 949 2116 καθιλιματι
979 2030 1058 2115 μετό
1087 2032 1150 2099 τῶν
1177 2033 1235 2099 τοῦ

139 2134 365 2221 κονβοοκλείον
387 2129 568 2221 ἀρχόντων,
596 2133 654 2197 καί
670 2130 763 2217 ἧνίκα
784 2127 985 2215 όποκινήσει,
1016 2129 1124 2216 λοβόν
1143 2130 1160 2198 ὃ
1179 2136 1235 2219 τῆς

99 2238 367 2312 τοκαταοτόσεως
386 2232 423 2300 τό
446 2226 540 2319 ῦκρον
558 2234 614 2317 τῆς
630 2232 781 2315 χλανίδος
802 2228 902 2293 αῦτοῦ
912 2278 921 2311 ,
943 2240 1033 2296 ποιεῖ
1048 2230 1233 2320 ῥωσδέλιον,

137 2337 199 2403 καὶ
217 2336 384 2401 έπιδιδωσι
403 2335 446 2422 τῷ
466 2338 596 2417 βασιλεῖ
618 2332 654 2396 έν
673 2333 711 2419 τῇ
728 2328 818 2415 χειρί
849 2326 950 2393 αῦτοῦ
970 2327 1051 2416 πρός
1070 2330 1107 2398 τό
1129 2344 1379 2421 σφρα-Μιπλγε

139 2438 231 2521 γίσαι
249 2433 306 2501 τόν
325 2433 413 2499 λαόν.
454 2431 512 2498 καί
541 2424 727 2505 ἀνελθόντος
742 2429 812 2524 ,τοῦ
837 2429 996 2509 βασιλέως
1023 2430 1057 2494 ἐν
1076 2432 1121 2518 τῷ
1141 2432 1235 2495 καθί-

140 2561 259 2620 οματι,
291 2535 452 2620 φωνοῦσιν
472 2528 503 2596 οῖ
523 2533 635 2616 δῆμοι,
674 2527 719 2605 οῦς
736 2525 874 2592 εἰθισται
894 2526 1020 2608 αῦτοΐς,
1048 2530 1105 2592 καί
1125 2525 1235 2610 infinie

140 2641 245 2722 νεῦμα
266 2629 284 2701 ό
304 2628 509 2723 πραιπόοιτος
530 2627 618 2715 παρὰ
636 2633 694 2695 τοῦ
712 2629 879 2712 βασιλέως,
899 2627 1073 2712 ἐξέρχεται,
1093 2624 1149 2692 καί
1162 2624 1234 2692 νεό-

142 2917 297 2956 σσπειιααπ
312 2899 379 2967 ιδις
398 2899 460 2953 hin:
478 2899 624 2955 Solennem
639 2911 801 2951 comessum.
837 2895 990 2962 Imperator
1002 2906 1083 2956 vero,
1101 2890 1234 2962 quodibi

141 2978 187 3023 ert
209 2972 386 3023 metatoriam
412 2971 566 3041 ingrersus,
583 2985 631 3019 rur
653 2982 688 3017 ue
706 2966 800 3017 tunice
819 2962 933 3014 indutus
953 2969 981 3014 et
997 2979 1046 3032 pro
1065 2977 1141 3018 more
1157 2979 1236 3016 coro—

140 3048 239 3103 natur,
257 3041 331 3107 ubit,
350 3048 379 3094 et
395 3058 411 3092 n
428 3040 576 3112 praefectio
590 3037 712 3090 cubrculi
731 3036 852 3098 cinctus,
871 3033 1039 3098 triclinium,
1058 3033 1087 3084 in
1101 3049 1156 3104 quo
1170 3049 1236 3085 con-

140 3111 247 3165 vivium
264 3128 297 3166 eo
316 3113 362 3164 dic
381 3114 491 3165 institui
511 3106 597 3172 solet,
614 3108 693 3179 petit.
731 3107 782 3158 iiic
800 3104 910 3174 patricii
930 3119 993 3156 eum
1012 3111 1041 3156 et
1060 3106 1172 3174 rtrntegi
1188 3121 1236 3156 ex-

141 3183 266 3250 cipiunt,
292 3184 393 3254 quibus
415 3181 613 3244 odorantibus,
637 3177 811 3250 praeponitur
837 3174 996 3226 mundatum
1014 3173 1050 3224 nb
1067 3177 1235 3245 Imperatore

142 3253 259 3323 accipit,
278 3261 307 3306 et
319 3253 403 3305 dicit:
419 3254 520 3309 ίαόιτι.
538 3250 648 3305 Petricii
659 3257 688 3301 et
699 3247 811 3316 strategi
827 3261 921 3297 omncs
931 3245 1042 3314 egrcrri,
1062 3262 1124 3296 curn
1140 3253 1238 3296 renutu

142 3331 220 3376 extra
234 3333 342 3395 portam
354 3333 442 3388 stant,
461 3327 612 3393 imperator
628 3321 658 3372 In
673 3319 770 3370 IImine
786 3318 861 3384 cius,
880 3316 929 3367 ubi
943 3324 1088 3388 postquam
1101 3331 1194 3370 omnen
1209 3317 1239 3366 in

141 3403 245 3447 terrum
262 3394 457 3465 prociderunt,
474 3393 648 3465 praeponitur
664 3406 680 3440 n
696 3389 826 3440 mundato
842 3387 1035 3440 cerimoninrio
1052 3389 1159 3456 rignum
1178 3387 1239 3448 dat,

143 3473 173 3516 et
185 3465 267 3519 dicit:
283 3467 386 3520 Iubere.
415 3466 484 3538 (II)
499 3466 567 3519 Inde
581 3464 625 3515 hio
644 3459 851 3522 comitantibus,
867 3459 1019 3526 Imperator
1032 3455 1162 3510 thronum
1178 3475 1240 3508 curn

142 3538 289 3605 praesectis
303 3537 425 3588 cubiculi
439 3538 608 3599 conscendit,
627 3549 682 3605 quo
695 3538 843 3601 portqunm
855 3529 946 3591 venit,
969 3528 1175 3579 cerimoninriuu
1192 3545 1241 3580 οπ-

143 3614 259 3660 tremom
279 3608 339 3658 eins
352 3610 473 3659 tunicum
486 3611 579 3672 sumit,
597 3606 726 3674 factoque
738 3599 902 3663 rhorthelio,
914 3599 1078 3666 Imperatori
1089 3600 1118 3650 in
1129 3615 1241 3650 monum

142 3681 243 3748 tradit,
263 3690 296 3734 nt
307 3683 442 3751 populum
454 3679 550 3749 signet
575 3681 649 3731 Dum
662 3677 693 3727 in
704 3670 836 3725 thronum
850 3668 1009 3732 adscendit,
1025 3669 1181 3723 factionarii
1191 3687 1241 3739 pro

145 3767 222 3803 more
246 3753 415 3817 acclamant,
439 3753 613 3820 praeponitur
636 3762 717 3806 vero,
750 3743 828 3812 signo
861 3741 896 3793 ab
924 3741 1091 3810 Imperatore
1115 3749 1243 3810 uccopto,

145 3824 220 3886 abit,
239 3840 271 3874 nc
289 3825 413 3893 patriciis
430 3824 538 3894 rignum
553 3821 615 3882 dat,
636 3819 686 3888 qui
709 3813 744 3865 nd
762 3813 855 3865 ecdem
872 3827 950 3863 ouum
970 3811 1072 3880 singuli
1089 3810 1242 3862 discedunt

144 3897 273 3949 Ceterum
297 3894 408 3962 patricii
434 3909 466 3945 eo
486 3893 586 3944 dicad
606 3902 762 3940 conoessum
782 3883 959 3954 Imperatorio
985 3881 1154 3936 odorationis
1179 3895 1242 3950 crgo

144 3985 201 4018 uon
226 3965 375 4028 accedunt,
410 3965 542 4034 quonium
570 3967 699 4045 equestre
725 3963 864 4006 certamen
890 3969 1025 4022 paganum
1051 3960 1107 4018 cst3
1136 3953 1243 4021 reliquo

145 4038 238 4088 omnio
256 4046 307 4108 p'ro
325 4051 402 4089 more
417 4043 552 4104 aguntur,
569 4031 716 4099 tribusque
730 4027 830 4096 peimir
846 4021 1009 4086 celebratis,
1028 4025 1165 4074 actuarius
1181 4027 1246 4090 post

146 4113 272 4175 tertiam,
297 4106 429 4162 mandato
447 4114 575 4178 eccepto,
598 4111 696 4155 tenens
716 4097 921 4162 manuciolum,
950 4110 1012 4146 cum
1030 4101 1179 4148 cornutum
1198 4091 1247 4144 dot
