3042 4825
506 218 827 298 venerationes.
1104 234 1230 295 xxvu

109 386 243 447 nemine
261 382 420 465 traditam,
439 385 475 445 tn
496 402 558 467 qua
584 396 688 447 tamen
706 404 819 466 magna
836 403 910 467 pars
928 385 1031 467 operis
1049 388 1147 447 nosni
1160 404 1367 463 sensum

19 521 21 568 ι
109 498 219 565 ntur,
227 483 384 568 praeclare
396 482 575 566 iliustraret3
596 494 627 548 et
642 484 727 569 quod
746 483 819 545 inde
839 482 1027 565 intelligatur
1040 485 1117 569 qrrid
1129 488 1227 566 στόμ-

108 608 173 667 μα,
211 586 288 669 quid
312 584 552 664 camelaucium,
589 585 664 669 quid
690 586 958 666 scaramengium,
989 585 1065 668 quid
1087 585 1226 667 chionis,
1299 578 1304 587 ⁴

108 686 194 769 qnid
219 685 457 765 λενκιλέιντες,
487 684 565 768 quid
594 684 690 747 teblia
718 684 851 763 fuerint,
878 687 1006 746 nomina
1032 706 1089 768 per
1119 705 1231 751 omnes

111 787 250 869 paginas
270 786 341 847 libri
355 788 452 847 nostri
474 807 602 869 sparsa3
624 784 732 847 eadem
747 804 872 868 quoque
886 784 1006 864 doceat,
1027 797 1143 868 quanta
1154 808 1229 849 mn-

108 889 201 949 neo·
222 889 304 949 eum
320 884 646 969 argutiispartim
664 870 702 945 in
725 884 830 954 auum
848 886 1049 967 aymonem
1061 884 1151 948 brevi
1171 886 1227 949 suo

110 997 274 1071 tmpore,
298 986 384 1071 quod
398 986 437 1049 eb
451 985 561 1049 ultimo
575 986 777 1049 Constantino
791 984 1086 1070 Porphyrogenncto
1105 986 1144 1047 nd
1168 987 1227 1048 Ni-

112 1088 294 1172 oephorum
317 1088 508 1150 Botoniatem
531 1087 645 1149 effluxit
674 1085 886 1169 (quadraginta
900 1086 965 1148 fere
984 1089 1057 1147 anni
1076 1088 1157 1168 mmt)
1178 1090 1229 1149 in·

114 1190 252 1249 vaserit.
306 1186 443 1249 Sufficiat
472 1210 556 1251 nunc
577 1188 707 1249 strictim
731 1185 808 1247 haec
840 1188 996 1269 attigisse,
1026 1186 1131 1270 paullo
1159 1200 1235 1270 post.

113 1291 260 1349 mrotius
271 1286 440 1349 menende
459 1298 552 1371 atque
565 1284 815 1349 demonstranda.
860 1285 1023 1349 Icunculoe
1034 1308 1140 1370 porro,
1152 1301 1238 1371 quoe

115 1387 324 1451 Leiehianam
337 1389 620 1469 interpretationem
632 1389 820 1471 ampicatur,
839 1384 971 1470 insculpi
980 1390 1088 1450 curavi
1101 1409 1235 1451 numum

116 1508 135 1547 e
151 1488 308 1571 Ducangii
326 1485 465 1549 Familiis
483 1488 658 1571 Byzantinis
689 1486 898 1570 depromtum,
919 1488 975 1569 qui
996 1488 1234 1551 communen

120 1599 269 1656 nosuum
287 1590 351 1649 iam
372 1589 523 1649 seniorem
534 1590 699 1672 ,eiusque
719 1587 818 1651 filium
832 1588 1029 1667 Romanum,
1051 1589 1235 1670 spectandos

122 1686 263 1759 exhibet.
314 1689 469 1767 Litterae,
490 1709 570 1770 quac
600 1690 711 1751 Graeci
742 1699 842 1751 textus
866 1689 990 1750 initium
1017 1686 1148 1767 feceret,
1176 1690 1231 1749 in

123 1787 257 1871 sculpi
248 1790 322 1851 russi
352 1790 516 1871 imaginem
543 1788 626 1851 illius
653 1810 673 1849 a
695 1789 896 1851 sanctimonia
916 1788 1042 1849 Graecis
1060 1788 1236 1851 celebiatee

125 1886 369 2003 'theophanonis
391 1889 561 1973 Augustae,
581 1908 661 1972 queo
678 1888 789 1967 Leoni,
805 1888 998 1951 Constantini
1018 1890 1116 1949 nostri
1135 1890 1231 1971 petri,

127 1989 230 2069 prima
244 2010 322 2049 uxor
342 1988 541 2053 cohabitavit.
573 1990 722 2071 Dignum
745 1998 835 2069 emt,
857 1999 894 2051 ut
915 1989 1073 2073 Augustae
1084 1990 1235 2073 ,Byzautv

128 2108 187 2149 nec
208 2109 334 2171 quoque
364 2092 478 2171 species
502 2099 630 2170 augtrsto
663 2088 773 2150 habitu
803 2098 931 2151 ornatae
954 2101 1057 2172 posset
1081 2091 1229 2173 conspici.

128 2186 272 2249 Desumsi
290 2198 393 2249 autem
411 2186 492 2249 hanc
514 2207 531 2249 e
553 2187 594 2247 Τ.
612 2188 656 2247 11.
676 2208 708 2269 p.
723 2186 774 2268 54,
788 2187 957 2273 Menologii
974 2188 1233 2273 Basilieni,quod

129 2286 397 2349 Eminentissimus
414 2286 585 2351 Cardinalis
599 2285 759 2367 Albanus,
781 2290 910 2368 Graece,
931 2311 1004 2354 cum
1017 2291 1128 2352 Latina
1141 2292 1233 2352 inter·

130 2391 301 2469 pretatione
320 2389 422 2471 patrui
443 2389 504 2466 sui,
526 2387 569 2448 lo.
591 2387 758 2452 Fnsncescr
779 2387 913 2467 Amasi,
934 2390 993 2452 stab
1013 2393 1138 2453 nomine
1159 2390 1233 2454 cte-

133 2490 241 2552 nenos
261 2489 322 2550 xl.
344 2487 502 2550 Pontificis
516 2488 656 2567 Maximi,
677 2488 780 2550 tribus
793 2490 827 2550 in
847 2487 922 2550 solio
945 2490 1153 2552 voluminibus
1165 2491 1233 2552 Ur·

133 2589 195 2650 hini
212 2589 320 2652 edidit.
363 2589 543 2650 Profectum
562 2598 608 2649 est
630 2599 661 2652 et
682 2609 796 2650 nomen
816 2588 947 2652 hebete
969 2589 1083 2654 Basilio
1100 2591 1233 2669 iuniore,

133 2689 359 2774 Brdgoroctono
379 2687 455 2751 elias
468 2688 564 2770 dicto,
578 2691 677 2750 nostri
700 2690 894 2751 Constantini
915 2701 1034 2772 nepote.
1057 2689 1236 2752 Dolendum

133 2801 199 2869 est,
237 2788 322 2873 quod
349 2788 451 2850 Codex
478 2789 636 2850 Romanus
660 2789 752 2851 huius
778 2787 948 2870 Menologii
977 2790 1105 2872 picturis
1124 2789 1238 2852 illumi-

133 2901 222 2958 natus
254 2911 319 2950 non
344 2889 404 2950 nisi
424 2910 476 2950 sex
500 2891 617 2971 primos
630 2890 704 2952 anni
724 2889 834 2950 Graeci
852 2909 990 2969 menses,
1028 2912 1140 2973 nempe
1153 2891 1237 2952 uSe

132 2989 272 3071 ptembre
292 3011 390 3072 usquc
412 2990 451 3052 ad
461 2991 609 3052 Martium
628 2990 835 3067 continuerit,
854 3011 956 3073 neque
979 2990 1149 3054 editoribus
1171 2992 1236 3053 no·

132 3091 230 3150 manis
250 3089 291 3150 'ed
307 3109 418 3152 manus
440 3090 532 3152 fuero
556 3085 659 3152 saltim
672 3082 778 3170 τρίτον
797 3083 1133 3174 testamentarium,
1146 3091 1237 3176 Apri·

133 3187 195 3250 len
218 3199 250 3250 et
275 3188 406 3266 Maium,
429 3190 607 3266 continens,
634 3187 718 3270 quod
735 3190 770 3249 in
790 3190 869 3250 arcis
897 3189 1103 3283 Tubingensis
1123 3190 1236 3254 biblio·

132 3288 224 3350 thece
245 3291 381 3366 servari,
402 3307 420 3350 e
442 3289 548 3350 Causu
563 3288 789 3370 Turcogreecia
804 3307 877 3371 pag.
909 3309 968 3373 ¹9⁰
988 3296 1019 3354 et'
1036 3291 1097 3377 ²75
1129 3303 1161 3355 et
1177 3293 1238 3355 Fr.

133 3411 224 3452 ιιιοιι
248 3388 328 3456 Bibi.
351 3390 406 3454 Gr.
425 3387 468 3450 Τ.
496 3387 555 3450 Vl.
580 3409 611 3472 p.
631 3385 695 3472 678
719 3385 913 3472 intelligitur.
979 3389 1090 3454 Adieei
1114 3413 1240 3475 quoque

132 3492 290 3572 specimen
318 3493 487 3572 scripturae
518 3488 771 3552 membranarum
797 3499 975 3554 umerum
1005 3493 1069 3554 acri
1092 3494 1238 3555 incisum.

133 3590 196 3652 Sed
214 3589 459 3655 dissertationem
478 3589 517 3650 de
537 3585 770 3671 orthographia,
799 3598 846 3649 ut.
863 3591 1031 3673 appellant,
1059 3591 1109 3654 vel
1134 3593 1239 3676 potius

132 3697 326 3782 idiographia
347 3699 465 3760 Graeca
477 3694 730 3760 membranarum
750 3696 919 3760 earundem
934 3702 965 3754 et
988 3697 1120 3757 istorum
1139 3707 1240 3757 soecos
1279 3710 1284 3722 ¹

131 3797 236 3860 lorum
255 3797 389 3860 seeundo
402 3795 554 3858 volumini
574 3815 711 3859 reservo.
1112 3786 1116 3791 ⁴

191 3928 194 3934 ν
220 3897 278 3959 iiis
295 3900 467 3979 praemissis
486 3919 523 3960 eo
547 3917 666 3960 memor
685 3897 780 3960 fidem
798 3897 905 3983 paullo
925 3907 997 3960 ente
1014 3893 1120 3956 datam
1131 3891 1240 3954 libero-

134 4009 214 4060 tum.
266 3997 490 4062 Pmmittehem
514 4018 626 4080 nempe
650 3997 796 4078 brevem,
837 3997 939 4083 qualis
965 3996 1027 4058 hoe
1049 3994 1174 4077 qtridem
1204 3994 1239 4051 in

134 4097 203 4160 loen
214 4097 351 4164 sitim
361 4101 468 4182 possit,
495 4101 712 4183 expositionem
721 4101 760 4163 dc
772 4101 922 4184 vestibus,
942 4090 1241 4183 ‹precinNicephori
