3042 4825
292 167 348 230 nn
377 160 576 230 marnoa.
603 157 742 224 aurun
764 157 937 258 τιτυλυς,
962 163 1004 226 n.
1025 165 1077 232 ω.
1151 135 1237 249 769

136 342 196 406 ρας
215 323 353 384 τελεῖται
373 317 549 403 μεθέορτος
567 318 754 402 προέλευσις
775 316 811 380 ἐν
829 316 876 404 τῷ
896 317 975 404 σικρῑ
994 318 1059 380 τοῖν
1079 320 1239 404 κορυφαί-

136 444 182 484 ων
201 418 258 482 καί
289 416 389 500 άχάυν
410 415 607 480 α’ποστὸλων.
648 413 706 478 καί
731 416 952 500 πληρουμένης
978 416 1034 498 τῆς
1060 411 1149 501 ἱερᾶς
1173 421 1240 480 λει-

134 521 303 604 τουργίας,
334 519 519 602 προτίθεται
548 513 722 602 κλητοάριον
743 516 801 580 ε’πί
826 506 1009 600 άποκοπτῆς
1027 516 1186 600 τραπέζης
1205 518 1241 581 δν

135 620 180 706 τῷ
199 615 326 706 μεγάλῳ
353 619 499 704 τρικλίνῳ
519 618 583 681 ταῖν
606 612 787 696 παλατίων,
823 615 881 677 καί
908 615 962 677 δεῖ
982 616 1071 696 άμάς
1093 607 1241 700 εάτρεπί-

114 719 206 796 5ζειν
226 717 272 792 είς
294 715 493 782 συνεστίοισιν
512 718 558 805 τῷ
585 719 719 802 βασιλεῖ
741 716 957 802 μαγάττρους,
989 716 1389 805 πραιποσάους,λλδ,λι.ηλῖ

138 812 366 898 ἀνθυπάτοις,
388 813 596 901 πατρικίους,
618 811 835 902 στρατηγοδς,
865 816 1119 900 μητροπολίτας,
1140 808 1245 902 rippa·

138 911 298 998 κιαλίους,
346 913 685 1001 πρωτοσπαθαράιυς,
728 913 932 1000 α’σηκρὴτας,
967 915 1245 999 χαρτουλαρίους,

137 1008 300 1096 δπάτους,
326 1013 539 1101 βεστὴτορας,
568 1016 801 1100 σιλεντιαρίους
821 1010 878 1078 καί
896 1012 1079 1094 άλλαξᾲιων
1104 1015 1170 1080 τοῖν
1188 1038 1247 1079 ταν

139 1116 302 1196 γμυτικιόν
332 1109 498 1201 ἀρχόντων
526 1111 609 1180 κατά
629 1112 666 1180 τὰ
687 1111 788 1180 ποσόν
807 1115 866 1197 τῆς
891 1112 1070 1199 τραπέζης·
1110 1110 1248 1197 είσάγεὶν

100 1214 178 1290 ,οδε
200 1211 317 1292 αάτοάς
337 1215 395 1280 καί
413 1213 538 1298 ε’ξάγειν
565 1212 649 1298 μετά
671 1216 733 1279 τῶν
754 1212 877 1280 οἰκείων
901 1213 1086 1295 άλλαξίμων
1104 1214 1163 1281 καί
1189 1237 1249 1280 κα·

138 1309 274 1394 μισάων,
307 1305 383 1376 άνευ
405 1317 513 1394 μέντοι
542 1309 607 1377 τεάν
634 1305 759 1378 ἑαυτῶν
783 1309 979 1396 χλαμύδων·
1020 1314 1190 1399 προσέχειν
1209 1313 1248 1380 δὲ

139 1419 208 1486 τοῖς
230 1410 416 1498 εὐφημοῦσι
438 1406 571 1496 δήμοις,
604 1408 662 1476 καί
686 1411 782 1497 ἡνίκα
802 1405 951 1498 ἄρξονται
971 1416 1151 1494 ἀπολαχεῖν
1168 1408 1247 1488 τοάς

141 1507 316 1592 δεσπότας,
345 1511 399 1574 δεῖ
421 1510 590 1598 ε’ξανιστρῖν
616 1508 737 1586 πάντας
765 1506 842 1586 τοδς
870 1511 1079 1597 κεκλημένους
1107 1505 1191 1595 πρδς
1208 1508 1246 1574 τά

140 1606 199 1672 καί
218 1603 336 1687 αδτοάς
353 1612 481 1696 πραέως
501 1616 718 1696 συνευφημεῖν
737 1607 815 1686 τούς
835 1605 999 1685 δεσπότας.
1039 1609 1080 1697 τῇ
1101 1612 1138 1675 δὲ
1156 1610 1247 1696 τρίτη

103 1705 247 1800 dissipa
269 1712 328 1795 τῆς
349 1709 450 1796 αὐτῆς
470 1703 650 1793 ἑβδομάδος
662 1715 798 1776 τελεῖται
810 1705 937 1795 uorans}
956 1711 1144 1796 προέλευσις
1162 1707 1274 1789 astruit

143 1807 369 1890 άλλαξιμάτων
400 1805 493 1874 ἔνδον
521 1811 582 1874 τοῦ
610 1812 789 1888 παλατίου,
826 1804 883 1872 καί
906 1815 1046 1874 τελεῖται
1071 1809 1250 1894 κλητιάριον

143 1907 199 1972 ins*
218 1911 278 1972 τοῦ
295 1909 563 1994 χρυσοτρικλίνου
596 1906 678 1974 κατά
699 1904 736 1973 τά
758 1909 869 1991 σχῆμα
888 1908 947 1991 τῆς
966 1908 1095 1993 πρώτης
1115 1905 1250 1992 ἡμέρας.

142 2004 200 2071 καί
228 2009 282 2071 δεῖ
297 2007 383 2093 ἡμᾶς
413 2005 612 2092 εδτρεπιζειν
632 2011 678 2086 είς
698 2009 811 2093 κλῆσιν
830 2003 886 2072 ε’πί
902 2008 961 2090 τῆς
980 2008 1107 2092 χρυσῆς
1128 2007 1251 2092 raana-

148 2109 203 2192 ζης
223 2101 285 2170 dud
306 2109 362 2191 τῆς
382 2100 501 2182 τάξεως
520 2110 584 2174 τῶν
603 2107 805 2192 μαχάπρων,
841 2104 1015 2191 πατρικίων
1042 2108 1099 2172 καί
1127 2105 1249 2176 λοιπῶν

103 2204 206 2286 noodr
227 2209 272 2295 τῷ
293 2206 468 2296 δομεστίκρι
489 2207 552 2272 τῶν
571 2209 697 2293 σχολῶν
716 2204 774 2270 καί
791 2207 969 2288 βασιλικῶν
980 2204 1162 2292 ἀνθρώπων
1183 2187 1248 2272 άπδ

144 2309 199 2394 τῆς
230 2301 350 2384 τάξεως
371 2307 434 2370 actv
467 2301 818 2390 σπαθαροκανδιδάτων
837 2307 936 2392 μέχρι
963 2307 1019 2389 τῆς
1039 2300 1156 2384 τάξεως
1183 2306 1250 2370 eds

144 2403 359 2493 στρατάρων,
388 2402 468 2471 κατά
491 2401 529 2471 τά
552 2401 652 2472 ποσδν
683 2407 739 2489 τῆς
760 2405 918 2498 τραπέζης
937 2407 1062 2489 ’φιλους
1082 2399 1120 2466 λ’·
1160 2398 1260 2469 stud-⁴

144 2528 211 2595 year
231 2506 267 2571 δὲ
289 2502 410 2581 αδτοδς
430 2507 487 2572 καί
505 2507 647 2589 ἐξάγειν,
666 2501 741 2579 τούς
759 2506 821 2585 μὲν
840 2498 902 2566 sind
927 2498 1110 2585 καμπάγιον
1129 2500 1251 2583 πάντας

147 2719 192 2759 sae
213 2698 395 2763 accubantes,
415 2702 447 2748 ut
463 2692 502 2745 sic
515 2695 656 2765 quotquot
670 2687 867 2749 convenerint,
885 2700 979 2737 ornnes
994 2690 1101 2737 exeant
1121 2684 1249 2747 Secundo

147 2776 195 2830 die
215 2769 371 2828 celebratur
388 2766 523 2838 postiesta
542 2778 591 2814 seu
611 2776 740 2829 magnum
758 2767 787 2810 et
804 2756 965 2827 primarium
980 2754 1081 2807 festum
1095 2752 1170 2809 diem
1183 2776 1251 2811 con·

148 2858 268 2919 sequens
293 2838 431 2913 processio
464 2836 493 2885 in
521 2831 619 2885 aedem
636 2828 796 2901 principum
814 2836 843 2880 et
862 2833 1018 2879 sanctornm
1035 2825 1249 2895 Apostolorum

148 2930 280 2989 sacroque
307 2909 395 2963 officio
421 2903 569 2974 completo,
585 2899 742 2953 instituitur
765 2898 922 2953 convivium
949 2912 1032 2965 snper
1054 2897 1196 2965 peculiare
1220 2906 1250 2952 et

148 2988 227 3061 priva
245 3000 340 3037 mensa
356 2980 386 3033 in
407 2990 506 3046 magno
525 2973 648 3025 triclinio
668 2971 852 3039 palatiorum
870 2966 907 3019 ad
924 2966 1000 3038 quod
1014 2966 1150 3021 invitandi
1170 2965 1249 3022 robis

150 3068 216 3113 sunt
235 3052 372 3125 magistri,
388 3046 558 3122 praepositi,
577 3040 773 3113 proconsules,
791 3038 920 3109 patricii,
939 3036 1070 3107 strategi,
1086 3038 1251 3105 metropoli-

150 3138 211 3192 tae,
230 3124 376 3185 officiales,
393 3114 626 3190 protospatharii,
645 3119 799 3173 arceretur,
819 3108 988 3172 chartularii,
1006 3107 1146 3171 consules,
1164 3110 1251 3163 resti.

150 3208 240 3260 tores,
259 3191 407 3250 silentiarii
426 3198 454 3243 et
471 3188 644 3258 magistratus
662 3182 803 3253 tagmatici
823 3197 872 3234 seu
885 3180 1021 3233 militares
1040 3176 1251 3245 comitatenses,

150 3266 300 3325 mutatoria
319 3269 470 3333 gestantes,
493 3276 544 3330 pro
568 3256 719 3327 capacitate
737 3268 857 3311 mensae.
892 3250 1108 3307 introducuntur
1126 3258 1156 3305 et
1179 3249 1251 3303 edu.

152 3348 251 3395 cuntur
276 3339 306 3390 in
332 3334 387 3387 suis
413 3328 569 3385 mutatoriis
599 3336 628 3380 et
651 3324 787 3385 camisiis,
814 3322 921 3393 absque
939 3316 1130 3387 chlamydibus
1147 3328 1251 3377 tanen.

152 3414 275 3481 Tempus
294 3402 493 3459 observandum
513 3407 570 3461 est,
587 3415 643 3469 quo
660 3398 796 3453 sactiones
811 3403 871 3446 acta
888 3409 939 3446 scu
955 3389 1059 3445 inustas
1073 3391 1252 3447 acclamatio.

152 3500 201 3535 nes
220 3493 351 3553 peragere
369 3474 537 3527 ctDorninos
554 3467 668 3521 lssrdnre
686 3466 835 3537 incipiunt,
867 3464 908 3517 Eo
921 3468 1046 3533 tempore
1058 3460 1167 3517 debetis
1182 3479 1251 3515 con·

152 3556 222 3607 viris
250 3549 395 3609 omuibus,
420 3551 451 3596 ut
475 3549 587 3611 surgant
604 3545 632 3592 ct
650 3539 704 3609 ipsi
730 3552 842 3610 quoqne
864 3534 923 3587 leni
941 3549 1007 3587 voce
1024 3532 1108 3588 simul
1126 3550 1188 3585 cnrn
1205 3534 1252 3587 ia-

153 3620 294 3679 ctionibus
315 3617 442 3670 Dominis
469 3612 652 3675 benedicant,
678 3610 825 3677 imperare.
867 3604 963 3658 Tertio
990 3612 1054 3675 post
1077 3602 1178 3673 pascha
1204 3603 1251 3659 dis

175 3694 297 3762 erngitur
313 3705 419 3759 pagana
438 3683 574 3756 processio
593 3684 624 3735 in
643 3680 799 3735 mutatoriis
813 3680 884 3730 intra
899 3675 1035 3745 palatium
1052 3682 1080 3727 et
1094 3675 1252 3731 convivium

156 3784 187 3819 sn
205 3758 426 3829 chrysotriclinio
444 3754 479 3807 ad
497 3753 608 3807 modurn
627 3752 710 3823 primi
728 3748 794 3802 diei.
821 3748 998 3817 Quapropter
1010 3745 1045 3797 ad
1058 3761 1170 3801 auream
1187 3747 1252 3821 qni,

157 3836 220 3888 dem
239 3848 360 3885 mensam
378 3826 514 3882 invitandi
532 3823 614 3877 nobis
632 3830 697 3876 sunt
714 3818 839 3876 homines
853 3818 958 3871 ordinis
972 3819 1182 3887 magistrorum,
1201 3834 1253 3887 po.

156 3907 298 3961 tricioruns
317 3910 368 3955 etc.
385 3917 448 3953 curn
467 3896 620 3950 domestico
638 3892 794 3946 scholarum
812 3896 842 3941 et
858 3886 1019 3943 hominibus
1045 3884 1253 3955 imperialibus,

156 3974 192 4031 ab
212 3974 309 4029 ordine
328 3971 393 4026 inde
418 3964 758 4041 spatharocandidatorum
781 3975 869 4031 usqne
892 3957 928 4010 ad
946 3958 1071 4011 ordinem
1089 3965 1253 4039 stratorum,

155 4064 207 4123 pro
227 4046 378 4115 capacitate
395 4056 525 4103 mensae,
545 4038 627 4091 amici
646 4036 677 4087 in
694 4034 852 4089 universum
869 4030 989 4103 triginta
1027 4027 1105 4099 Quos
1123 4028 1253 4085 tutanda.

193 4149 395 4207 causandum
412 4142 546 4216 Parptfl.
570 4140 627 4195 Vot.
647 4141 671 4197 1.
1076 4130 1113 4202 49
