3042 4825
321 213 377 276 nu
405 203 771 277 musonium
797 199 971 268 emm.
995 204 1096 282 τοο.
1126 287 1144 312 .
1165 171 1255 288 4ο9

160 363 219 435 τὸν
242 362 420 452 μα’χιατρον
448 369 677 448 προαναραχεϊν
703 361 749 448 τῷ
767 362 900 442 βασιλεῖ
904 405 916 440 ,
937 355 1094 440 ἐπιδείξαι
1113 353 1150 420 δὲ
1170 352 1260 442 αὖτρλ

160 464 216 534 ιιοιί
234 462 291 552 τὴν
310 467 427 550 γνῶσιν
445 464 508 530 τῶν
529 457 651 548 δώρων.
692 462 747 526 κατ’
767 457 784 524 d
805 457 966 544 πρέσβεις,
991 451 1143 540 stuttg
1163 455 1288 532 δέξο-λ)

160 570 265 648 σθαι,
296 559 516 648 εἰσερχόμενος
543 567 726 646 παρακαλεῖ
739 555 795 625 τόν
822 553 993 643 δεσπότην,
1024 556 1080 620 ἵνα
1099 553 1201 639 (λεχθῇ
1218 546 1258 617 τοὶ

160 666 250 750 δοῦρα
273 661 393 728 αὐτοῦ·
423 665 480 728 καί
507 658 566 727 ἐὰν
586 661 743 748 ἐπιτρέψῃ
765 654 782 722 ὅ
805 654 977 740 δεσπότης,
1007 654 1207 738 εἰσέρχονται
1228 646 1260 714 οἷ

139 755 328 848 edessenos
356 755 456 828 αυτοῦ
482 758 695 844 βαστάζοντες
722 755 763 822 ul
784 759 875 844 δῶρα
896 753 1016 835 αὐτοῦ,
1044 746 1200 817 καὶκατὰ
1220 751 1257 812 τὸ

120 881 125 890 ·
159 856 274 945 ὅμοιον
293 863 405 948 σχῆμα
423 862 545 946 γίνεται
566 859 612 938 οὕς
632 861 687 926 ἐπὶ
705 861 768 924 τῶν
786 858 961 942 βασιλικῶν
982 851 1110 938 δούρων,
1136 850 1192 914 καὶ
1208 849 1260 932 μ’·

157 984 247 1028 νεται
267 963 434 1045 συντυχία.
474 957 539 1047 χρὴ
562 962 598 1026 dd
619 957 674 1025 cdv
694 948 832 1041 βασιλέα
852 953 948 1022 πάλιν
968 951 1025 1020 καλ
1043 953 1185 1034 συνεχῶς
1204 943 1261 1012 καὶ

157 1062 263 1136 καλῶς
281 1063 467 1146 μεμνῆσθαι
486 1062 548 1126 τοῦ
564 1061 723 1143 βασιλέως
743 1060 808 1124 τοῖν
828 1058 972 1141 Περσῶν
992 1053 1048 1118 καὶ
1068 1053 1124 1137 τῆς
1145 1050 1258 1114 διαθέ-

156 1179 237 1238 σεως
258 1160 367 1241 αὐτοῦ,
389 1157 446 1225 καλ
464 1155 521 1226 ε’ᾰν
541 1161 627 1225 ἐστιν
648 1159 765 1245 εἰρήνη,
775 1153 831 1224 καὶ
848 1150 984 1221 τοιαῦτα
1003 1175 1074 1219 τινα
1095 1151 1255 1233 λαλοῦσιν,
1265 1155 1345 1211 Edit
1353 1159 1405 1214 ass

118 1255 214 1324 τσκαί
233 1257 367 1324 duelies
395 1255 494 1324 αὐτὸν
515 1255 534 1322 d
554 1254 725 1341 βασιλεύς,
757 1254 815 1322 καὶ
834 1255 985 1337 ἀναμένει
1003 1250 1059 1318 τόν
1085 1248 1259 1331 μάχιστρον

154 1353 234 1439 ἔξω,
263 1355 321 1421 καὶ
347 1356 512 1443 ἐξέρχεται
532 1353 550 1422 ὃ
570 1355 746 1442 μα’χιστρος
766 1356 824 1420 καί
842 1353 1044 1420 συντάττεται
1065 1348 1152 1437 αὐτῷ
1173 1338 1257 1427 ἄνω,

152 1457 211 1519 κατ’
236 1450 370 1520 α’ϊιολιῖει
398 1453 498 1520 αὐτὸν
528 1457 585 1521 stoi
611 1455 718 1532 αὐτός.
761 1456 797 1519 ἒν
826 1455 862 1518 δὲ
882 1461 952 1528 ταῖς
983 1444 1097 1526 ἄλλαις
1117 1447 1256 1533 ῆριέραις

151 1555 401 1636 μεταστέλλεται
422 1547 530 1636 αὐτὸν,
552 1557 610 1620 καί
628 1558 724 1620 λαλεῖ
739 1549 779 1618 τὰ
803 1549 954 1636 περὶτοῦ
975 1539 1168 1635 πράγματος.
1197 1549 1256 1611 καλ

153 1651 212 1716 ἐὰν
231 1653 345 1740 συνίδῃ
356 1703 367 1734 ,
398 1653 561 1739 ἐπιτρέπει
595 1655 642 1739 τῷ
661 1653 824 1740 μαγιλττριρ
850 1644 873 1736 ἢ
899 1646 957 1714 κατ’
981 1641 1090 1724 ἄλλοις
1117 1638 1257 1730 ἄρχουσι

112 1751 215 1827 εὸσύν
242 1751 330 1841 αὐτῷ
356 1748 417 1830 ἔξω
446 1753 585 1835 λαλῆσαι
613 1749 696 1833 μετὰ
728 1752 788 1815 τοῦ
816 1738 1026 1835 πρεσβευτοῦ.
1065 1741 1122 1811 ἐὰν
1148 1745 1185 1811 δὲ
1205 1743 1255 1828 εἴη

152 1850 261 1915 τελεία
283 1849 376 1936 φιλία
392 1847 511 1930 μεταξὺ
535 1851 600 1914 ταῖν
620 1852 796 1931 πολιτειῶν,
819 1850 874 1915 dsi'
889 1845 945 1912 το“ν
963 1847 1099 1928 βασιλέα
1119 1845 1280 1928 πέμπεινλλ

151 1949 207 2014 καὶ
225 1947 368 2033 συνεχῶς
387 1940 486 2012 αὐτόν
506 1945 753 2014 ἐπισκέπτεσθαι
782 1946 839 2014 καλ
855 1948 1048 2030 μανθάνειν,
1079 1945 1146 2021 πῶς
1165 1941 1253 2025 ἔμει-

192 2224 209 2262 ο
227 2207 347 2262 munds
365 2209 424 2262 vice
442 2209 479 2262 sd
495 2209 648 2279 Augustum
661 2209 834 2274 admittitur,
851 2224 902 2278 per
914 2210 1074 2278 magistrum
1089 2204 1251 2276 supplicari,

183 2287 282 2348 gnetur
300 2280 436 2331 Dominus
460 2295 493 2331 es
520 2288 675 2350 acceptares
696 2281 874 2350 Dominoque
892 2287 1044 2342 snnrsente,
1062 2283 1198 2329 monstrat
1216 2292 1250 2328 eu

150 2357 220 2401 tunc
238 2350 299 2419 ipso
318 2350 479 2402 audientiae
497 2349 542 2402 die
562 2351 692 2421 magistro
716 2349 747 2402 iu
772 2351 833 2401 eius
853 2348 962 2418 schoia;
988 2355 1020 2400 et
1038 2349 1183 2404 conficitur
1201 2361 1249 2397 eo-

151 2436 215 2472 rnm
231 2420 334 2473 notitia
353 2438 401 2473 seu
420 2420 575 2489 indiculus3
620 2438 682 2475 uem
705 2429 859 2476 monstrare
880 2420 959 2503 prius
979 2420 1109 2491 magister
1125 2422 1249 2488 impers-

150 2490 207 2543 tori
226 2490 312 2544 debet
342 2490 379 2543 ad
408 2508 471 2544 eurn
498 2440 675 2545 adscendens.
711 2492 829 2561 Legatos
847 2484 923 2555 desu,
941 2491 1100 2563 quumsiam
1119 2486 1149 2538 iu
1167 2504 1200 2539 eo
1219 2495 1250 2539 ct

151 2568 321 2631 oportunum
344 2571 454 2633 tempus
482 2570 540 2627 est,
563 2572 595 2615 nt
621 2564 776 2632 excipiatur
801 2569 832 2615 et
848 2560 1012 2615 admittatur
1028 2560 1066 2612 ad
1081 2557 1248 2622 Dominum,

151 2630 321 2699 ingreditur,
346 2640 375 2687 et
397 2634 453 2685 ism
470 2650 600 2705 praesens
619 2634 792 2703 supplicatur
809 2634 946 2696 Domino,
973 2631 1043 2683 velit
1065 2644 1180 2681 munera
1197 2646 1248 2681 sus

149 2700 272 2771 benigne
297 2710 447 2772 acceptare.
482 2704 517 2757 Et
540 2711 615 2768 turn,
642 2704 706 2755 date
728 2703 766 2756 sb
787 2702 1078 2774 imperatoremm,
1103 2701 1249 2753 introcunt

149 2772 235 2843 legati
255 2772 413 2837 domestici,
433 2772 589 2827 balniantes
609 2777 669 2826 eius
684 2774 773 2837 dona,
791 2776 918 2845 fiuntque
934 2775 1027 2825 omnia
1043 2770 1157 2835 eadem,
1175 2784 1249 2841 quae

150 2842 213 2896 fieri
231 2842 314 2894 modo
334 2842 505 2910 dicebamus,
534 2862 620 2916 quum
638 2846 726 2914 ipsius
745 2847 885 2897 Persarum
904 2845 975 2913 regis
992 2858 1107 2895 munere
1125 2843 1248 2910 impera·

151 2919 197 2965 tor
213 2922 345 2985 acceptat.
380 2915 416 2967 Et
434 2923 492 2967 tum
512 2914 621 2967 demum
640 2918 672 2967 iit
690 2915 869 2999 colloquium.
904 2914 1064 2968 Meminerit
1079 2920 1140 2965 tum
1154 2914 1246 2981 Impe-

151 2990 227 3034 rator
243 2998 300 3034 σου
317 2986 424 3049 minus,
443 3002 526 3057 quam
544 2986 687 3057 superiore
705 2984 888 3049 admissione,
906 2985 1053 3055 diligenter
1068 2983 1245 3053 solliciteque

151 3060 237 3124 atque
256 3053 415 3127 frequenter
432 3058 530 3111 Persae
548 3072 649 3109 nornen
667 3057 822 3111 honorifico
840 3072 902 3108 conr
920 3056 1011 3127 elogio
1029 3056 1115 3109 citare
1144 3061 1174 3106 et
1199 3054 1245 3105 in-

150 3130 305 3192 terrogare,
330 3142 413 3197 quem
441 3128 636 3181 ille.unimum
655 3142 718 3197 erga
736 3144 766 3181 se
784 3126 899 3197 prodat,
924 3134 954 3181 et
976 3142 1075 3197 spesue
1095 3126 1134 3179 sit
1154 3127 1245 3195 impe·

94 3240 97 3248 .
149 3193 267 3247 trandae
285 3194 320 3247 ab
339 3198 390 3250 illo
408 3198 492 3267 pacis.
528 3200 596 3255 Post
619 3199 802 3269 reciprocatos
829 3197 968 3251 eiusmodi
992 3214 1131 3250 sermones
1155 3197 1245 3247 licen-

149 3266 217 3317 tisru
237 3264 285 3318 dat
303 3269 454 3338 Imperator
474 3269 563 3354 legato
583 3268 719 3323 abeundi:
745 3270 796 3339 qui
813 3271 973 3339 magistrum
991 3277 1068 3321 extra
1085 3270 1176 3320 iocum
1195 3266 1245 3317 ad-

148 3336 288 3388 missionis
318 3355 426 3391 sursum
452 3340 483 3393 in
501 3340 685 3411 rpso'pulatio
716 3336 799 3411 [non,
826 3347 859 3391 ut
875 3348 972 3402 snteu,
996 3340 1027 3391 iu
1045 3340 1105 3391 eius
1123 3334 1245 3408 schola,}

147 3407 340 3475 praestolatur.
375 3409 507 3479 Magister
532 3412 617 3481 paulo
646 3418 711 3483 post
740 3409 876 3479 digressus
900 3426 916 3463 s
940 3410 1062 3462 Domino
1087 3409 1147 3461 exit
1171 3407 1245 3460 foras
1335 3405 1339 3416 '

148 3475 185 3528 ad
202 3476 473 3553 legatum,·raleque
491 3482 546 3552 ipsi
565 3480 649 3547 dicit,
671 3488 700 3533 et
718 3480 860 3534 licentiam
877 3482 939 3551 ipse
957 3496 1071 3553 quoqne
1089 3480 1145 3531 dni.
1180 3481 1246 3532 Post

146 3548 251 3617 primns
269 3547 319 3602 has
339 3548 418 3603 binas
436 3550 617 3607 admissiones
641 3552 754 3605 arcessit
772 3554 940 3621 imperator,
967 3552 1078 3623 quoties
1103 3548 1159 3619 ipsi
1181 3550 1243 3618 pla-

147 3620 251 3683 cuerit,
275 3620 411 3690 legatum‚
435 3630 464 3677 ct
487 3640 549 3677 cum
568 3640 601 3679 eo
621 3622 654 3677 de
672 3622 786 3692 negotio
804 3622 941 3676 ambobus
960 3623 1085 3693 imperiis
1103 3622 1243 3673 communi

145 3686 286 3762 huiusque
317 3692 465 3762 legationis
490 3703 651 3763 argumento
677 3710 817 3749 sermones
842 3696 947 3747 miscet„
982 3694 1012 3747 Si
1030 3694 1120 3745 visum
1143 3691 1243 3754 inerit,

145 3760 232 3813 etiam
249 3763 379 3830 magistro
398 3765 451 3816 soli
469 3767 620 3837 permittit,
643 3766 741 3819 aliisve
759 3766 920 3835 proceribus
939 3771 1049 3848 practer
1066 3780 1150 3825 cum,
1172 3760 1242 3813 loris

145 3838 222 3883 extra
247 3832 383 3901 palatium
407 3852 469 3888 cum
492 3838 584 3905 legato
609 3853 650 3891 res
675 3837 788 3906 agitare.
829 3836 860 3889 si
886 3836 1008 3906 denique
1031 3833 1154 3887 amicitia
1178 3847 1242 3903 peg-
1298 3860 1309 3871 =

143 3898 216 3983 lecta
236 3903 390 3958 intercedat
406 3906 488 3959 ambo
513 3910 648 3979 imperis,
665 3916 707 3961 est
724 3908 901 3977 isuperstoris
920 3904 1018 3971 nostri,
1037 3913 1069 3957 ut
1085 3904 1241 3957 visitatores

148 3970 303 4027 identidem
321 3977 412 4046 legato
436 3977 584 4041 immittet,
599 3996 660 4032 -suo
684 3979 797 4031 nomine
821 3985 1046 4047 percontaturus,
1071 3973 1140 4044 quid
1163 3977 1243 4039 agnis

144 4043 196 4112 qui
214 4045 321 4109 valeat,
339 4050 479 4118 quomodo
498 4067 547 4105 sua
566 4050 620 4120 ipsi
638 4050 746 4103 mansio
765 4048 893 4101 arrideat.
924 4049 994 4099 item
1012 4053 1044 4098 ut
1062 4038 1118 4114 ipsi
1134 4041 1169 4095 dc
1186 4040 1241 4094 ier·

145 4114 215 4171 culis
233 4132 345 4173 mensae
364 4135 431 4177 suas
448 4122 607 4193 portiones,
626 4128 655 4175 et
674 4130 729 4177 tum
748 4120 779 4175 in
796 4119 898 4173 uostris
917 4117 1017 4171 diebus
1034 4116 1130 4179 iestis,
1155 4129 1240 4185 quam
