3042 4825
372 228 428 301 οι
455 234 651 303 muruou.
681 235 1137 313 immoraturum
1214 214 1291 327 167

198 391 328 471 βασιλεῦ
349 390 407 454 τοῦ
438 389 529 476 άγίου
557 388 705 477 σώματος
736 393 793 458 καί
821 393 880 456 τοῦ
905 390 1015 474 τιμίου
1048 394 1198 477 αἵματος.
1238 396 1297 482 καί

197 487 393 572 κοινωνήσας
417 486 438 552 ά
458 489 610 572 βασιλεῦς
639 492 819 576 εἰσέρχεται
847 490 893 567 είς
921 486 960 555 τά
987 490 1206 576 μητατάριον,
1242 494 1298 558 κατ’

196 584 306 669 λαβάν
323 588 425 668 νεῦμα
444 584 462 651 ά
481 591 538 673 τῆς
553 584 775 666 καταστάσεως
794 581 881 675 παρά
892 589 951 652 τοῦ
965 590 1295 675 πραιπσσίτου,προσ-
1315 601 1322 614 ’

197 690 342 749 καλεῖται
368 684 488 763 πάντας
521 686 597 766 τοῦς
624 692 680 774 τῆς
706 689 899 773 συγκλήτου,
946 686 1002 753 καί
1030 690 1233 755 κοινωνοῦσιν
1257 693 1294 755 ἐκ

175 778 260 847 &aa
287 782 346 848 τοῦ
373 786 573 872 πατριάρχου
604 789 742 874 χειρῶν.
784 785 839 851 κατ’
863 780 926 853 elt’
959 782 1059 862 οῦτως
1085 786 1250 904 ἐξέρχεται
1275 786 1294 855 ὅ

126 864 133 871 ’
195 878 346 961 βασιλεῦς
369 884 404 947 ἐκ
425 887 483 949 τοῦ
501 886 720 971 μητατωρίυυ,
749 883 807 951 καὶ
824 882 1096 971 προσκυνήσαντες
1115 882 1294 1005 άμφρτεροι

196 976 364 1063 ἀλλήλους,
386 975 448 1065 ὅ,τε
463 980 613 1065 βασιλεῦς
631 986 687 1048 καί
705 979 723 1046 δ
746 982 957 1069 πατριάρχης,
978 982 996 1050 ὃ
1013 987 1075 1066 μὲν
1089 1008 1292 1103 πατριάρχης

196 1079 384 1162 κατέρχεται
403 1082 560 1147 ἐκτελέσαι
585 1080 646 1167 τῆν
671 1082 766 1149 θείαν
786 1084 1003 1168 λειτουργίαν,
1031 1082 1107 1150 ῦδδ
1135 1088 1343 1167 βασιλευςΜι.
1356 1104 1428 1161 tola

194 1173 392 1245 ῦπαλλάσσει
423 1180 659 1267 σκαραμάγγιον
684 1179 907 1267 χρυσάκλαβον
935 1184 991 1247 καί
1015 1182 1153 1249 σπαῦίον
1185 1184 1313 1301 διάνλι-ι)

156 1275 266 1353 solor,
288 1269 504 1362 ἠμφιεσμένον
524 1276 586 1343 ἀπὸ
610 1281 795 1366 μαργάρων,
816 1279 847 1346 ολ
864 1284 901 1347 δὲ
929 1282 1091 1367 πατρίκιοι
1108 1280 1210 1349 raiol
1231 1308 1292 1370 αρ-

192 1391 305 1454 χοντες
324 1377 382 1440 τοῦ
400 1378 623 1458 κοσβουκλείου
656 1378 752 1462 σογίοι
775 1378 924 1464 άληθινά.
965 1380 1021 1446 καί
1041 1384 1098 1465 τῆς
1115 1384 1208 1457 θείας
1226 1387 1291 1447 λετ·

193 1474 342 1556 τουργίας
364 1478 582 1561 τελεσθείσης,
603 1476 774 1564 ἀνέρχεται
797 1476 814 1544 ά
835 1476 1049 1565 πατριάρχης,
1078 1479 1135 1545 καί
1154 1504 1292 1567 προοκν·

192 1565 345 1650 νήσαντες
372 1565 530 1658 άλλήλυος
559 1570 624 1656 ά,τε
652 1574 805 1659 βασιλεῦς
838 1576 894 1642 κατ’
915 1576 934 1643 ά
955 1578 1161 1664 πατριάρχης,
1187 1580 1291 1643 turtl-

194 1665 275 1730 δωσι
294 1669 339 1755 τῷ
356 1674 485 1751 βασιλεῖ
503 1670 665 1756 εὐλογίας,
701 1672 719 1739 ά
744 1677 782 1741 δέ
805 1674 959 1759 βασιλεῦς
987 1678 1173 1743 ἐπιδίδωσιν
1203 1678 1290 1767 αῦτη

157 1755 396 1849 ιὸάποκάμβιον,
418 1764 436 1831 δ
460 1770 496 1836 δὲ
513 1771 711 1859 πατριάρχης
726 1776 771 1864 τῷ
786 1779 917 1858 βασιλεῖ
929 1775 1073 1842 άλειπτά.
1116 1778 1197 1867 (E)
1219 1777 1291 1843 Καὶ

193 1864 342 1949 στεφάείς
364 1864 383 1930 ά
405 1866 558 1951 βασιλεῦς
587 1867 652 1934 ῦπῦ
680 1875 739 1937 τοῦ
762 1873 981 1961 πατριάρχου,
1015 1877 1204 1961 κατέρχεται
1231 1874 1286 1943 διά

193 1962 252 2044 τῆς
277 1965 401 2048 ξυλίνης
429 1968 550 2044 σκάλοις
574 1974 633 2034 τοῦ
667 1976 852 2056 γυναικίτου
880 1978 941 2039 τοῦ
968 1975 1137 2062 ἀριστεροῦ
1157 1978 1287 2061 μέρους,

191 2057 249 2123 κατ’
262 2060 427 2128 κατελθών
456 2064 496 2131 τά
516 2066 674 2154 γραδήλιο
707 2073 765 2154 τῆς
794 2068 911 2158 κόγχης
931 2076 967 2139 έν
990 2076 1036 2164 τῷ
1064 2076 1337 2165 διδασκαλείῳ,ῃ,ς
1355 2104 1429 2179 ιω

191 2154 249 2221 καί
268 2154 350 2244 πρῦς
363 2159 422 2246 aria
444 2160 618 2249 έξάγουσαν
635 2169 691 2235 ε’πί
711 2166 767 2234 τὸν
783 2167 919 2254 ἔμβολον
937 2170 1041 2260 πάλην
1063 2170 1214 2256 έξελῦάν,
1234 2172 1288 2239 ῦπ-

150 2257 284 2320 υοπιῦει
307 2260 426 2343 ἐκεῖσε,
456 2258 611 2340 άσαῦτως
631 2264 689 2331 καὶ
714 2266 745 2331 οἱ
771 2270 977 2355 πραιπάσιτοι
991 2276 1055 2365 κατ’
1080 2272 1118 2339 οῖ’
1131 2272 1287 2360 ῦστιάρισι

179 2359 248 2421 ’κατ’
266 2354 297 2420 οἳ
315 2358 422 2424 λοιποὶ
442 2358 567 2439 πάντες.
607 2359 624 2430 ὅ
646 2366 682 2431 δὲ
702 2365 758 2452 τῆς
779 2369 1018 2457 καταστάσεως,
1050 2376 1157 2461 φοράν
1175 2377 1287 2459 σαγίον

191 2453 354 2540 άληθτνῦν,
376 2460 536 2544 δηριγεῦει
556 2458 737 2550 ἔμπροσθεν
760 2471 821 2534 τοῦ
844 2471 1004 2554 βασιλέως
1021 2471 1132 2557 πεζάς,
1152 2476 1209 2539 καί
1229 2474 1288 2558 ἔμ-

189 2558 330 2640 προσθεν
349 2554 454 2621 αῦτοῦ
474 2559 679 2650 σιλεντιάριοι
700 2568 867 2654 τέτταρες,
897 2573 1069 2660 φοροῦντες
1084 2576 1183 2656 σαγίο
1207 2573 1285 2660 άλη-

190 2648 278 2736 cart,
296 2655 507 2737 βαστάζοντες
528 2663 642 2746 βεργία
658 2667 770 2750 χρυσοῖ
792 2667 937 2734 διάλιθα
978 2671 1035 2738 κατ’
1052 2668 1285 2756 καταλαβόντος

258 2794 302 2849 aa.
320 2796 449 2869 τέτταρες
466 2801 495 2852 ll.
513 2817 549 2858 ex
565 2806 635 2876 sigla
653 2785 772 2876 ωιλῖ,
790 2806 844 2864 δίο
862 2809 906 2864 cal

188 2925 292 2963 sacram
310 2913 452 2986 liturgiam
474 2918 521 2972 hic
547 2940 602 2995 quo
623 2941 659 2978 ue
677 2926 881 2995 celebraturus,
904 2928 972 2984 abit
1015 2933 1152 3006 Tempora
1173 2937 1284 2996 divinas

188 2985 393 3036 communionis
411 2987 466 3040 duo
490 2991 638 3047 silentiarri
659 2996 695 3048 tal
714 2998 898 3067 patriarcham
921 3001 1073 3056 vocandum
1091 3005 1213 3077 abeunt,
1233 3013 1284 3083 qui

186 3052 311 3106 ascendit
324 3061 353 3106 et
376 3056 539 3128 imperatori
559 3060 683 3118 iunctum
705 3083 804 3140 corpus
825 3076 854 3121 et
875 3073 1029 3141 pretiosum
1052 3080 1212 3146 ranguiuem
1229 3081 1284 3134 im-

185 3123 279 3191 pertit.
315 3124 380 3178 Post
391 3134 612 3186 communionem
632 3135 786 3207 imperator
803 3143 982 3194 metatoriam
1005 3144 1107 3210 latrat,
1125 3157 1154 3201 et
1165 3152 1282 3205 cerimo-

186 3189 302 3258 niarius‚
320 3195 398 3278 ai5no
414 3213 429 3248 a
443 3205 602 3272 praeposito
617 3217 739 3278 accepto,
758 3225 852 3262 omnes
870 3221 1010 3266 senatores
1025 3227 1114 3282 vocat,
1131 3223 1181 3290 qui
1198 3237 1281 3274 ema·

184 3259 268 3314 nibus
284 3265 455 3335 patriarchae
474 3275 694 3329 communionem
715 3280 862 3349 accipiunt.
905 3277 951 3336 Sic
972 3291 1145 3339 emetatorio
1160 3293 1282 3362 Impera·

184 3336 230 3383 tor
242 3333 396 3402 egreditur,
421 3347 450 3391 ct
466 3350 614 3415 postquam
631 3348 641 3396 i
662 3363 691 3399 so
712 3357 741 3402 et
754 3349 911 3422 patriarcha
933 3354 1092 3409 seinvicem
1108 3361 1279 3427 salutarunt,

183 3398 231 3453 hic
243 3404 279 3457 ad
298 3402 418 3458 divinam
428 3410 568 3480 liturgiam
581 3365 774 3471 eelessrantlam
787 3420 939 3488 descondit,
956 3425 1108 3497 imperator
1126 3447 1282 3484 scaraman-

183 3473 259 3540 gium
280 3477 372 3528 aureis
397 3479 480 3532 claris
498 3482 593 3536 induit
623 3500 773 3562 curemque
796 3495 909 3561 gemmis
939 3502 968 3547 et
985 3500 1137 3567 margaritis
1151 3510 1278 3559 ornatum

183 3543 282 3611 cumit;
302 3546 414 3614 patricii
425 3566 489 3602 vero
503 3563 532 3606 et
544 3553 673 3609 cubiculo
686 3560 821 3628 praefecti
834 3580 896 3632 rago
915 3581 1053 3636 purpurea
1071 3577 1188 3638 gestant.
1230 3574 1280 3627 Fi-

183 3619 241 3663 nrta
260 3614 353 3666 drvrna
372 3616 499 3690 margia,
518 3625 674 3694 patriarcha
702 3630 842 3696 ascendit,
874 3641 902 3684 et
919 3642 983 3704 post
999 3646 1123 3690 mutuam
1134 3642 1279 3697 salutatio·

181 3697 246 3735 nom
262 3692 290 3735 et
302 3685 492 3744 adorationem
509 3694 671 3766 imperatori
688 3696 866 3754 benedictum
883 3721 1002 3774 panem,
1019 3707 1066 3759 hic
1082 3711 1136 3779 ipsi
1149 3730 1278 3782 apocom-

183 3748 277 3816 bium,
294 3757 449 3825 patriarcha
464 3765 625 3833 Imperatori
643 3776 789 3838 unguenta
799 3774 892 3826 tradit.
929 3775 985 3849 (V)
1003 3779 1169 3850 Imperator,
1194 3801 1211 3835 a
1226 3800 1279 3854 pa-

182 3822 301 3875 triarcha
320 3837 482 3895 coronatus,
499 3852 549 3904 per
561 3836 680 3906 ligneam
693 3841 793 3893 scalam
805 3847 935 3911 gynaeoei
948 3847 1075 3901 ninistrae
1103 3855 1189 3922 partia
1212 3871 1278 3923 per-

203 3909 237 3944 ue
252 3895 352 3964 gradun
375 3895 494 3954 conchae
510 3905 545 3957 ad
561 3905 741 3962 didascalium
766 3912 921 3981 deaceotlit,
949 3925 979 3970 ct
996 3919 1032 3969 ad
1047 3928 1154 3990 portam
1170 3924 1202 3975 'in
1218 3941 1277 3975 em·

180 3911 277 4016 gotum
294 3982 342 4018 seu
362 3971 500 4038 porticum
515 3974 661 4032 ducentem
676 3997 691 4032 o
709 3998 815 4045 reseras,
833 4000 894 4037 eum
906 3989 1088 4057 praepositio,
1106 3995 1226 4044 ostiariis
1243 4010 1276 4046 ae

180 4033 296 4105 reliquis
317 4039 445 4092 omnihus
458 4059 560 4116 equum
572 3997 738 4102 consceufiit
776 4052 1001 4122 cerimoniariua,
1019 4076 1082 4128 sago
1095 4062 1179 4114 rubro
1191 4063 1275 4115 indu-

180 4107 241 4168 tas,
259 4113 324 4160 ante
344 4110 556 4182 metatorem,
576 4125 640 4173 ante
653 4121 876 4181 cerimoniarum
893 4144 958 4181 vero
976 4137 1095 4201 quatuor
1110 4132 1257 4187 silentiarii
1275 4177 1282 4201 ,
