3042 4825
330 264 333 271 ·
370 222 595 291 EFhlililGil
619 220 823 289 clauom.
849 220 1028 290 emaci.
1187 213 1258 291 ux

147 392 185 443 et
208 378 442 443 ecclesiasticum
463 382 629 465 pertinent,
651 380 706 443 sed
725 378 824 455 multa
842 380 936 441 etiam
953 401 1031 464 qnae
1051 376 1092 440 ad
1110 388 1256 463 topogra-

146 464 262 547 phiam
276 462 386 544 Urbis,
409 462 582 527 officiorum
602 475 694 547 atque
715 464 899 547 dignitatum
922 466 1061 534 notitiam
1079 474 1256 547 utramque,

147 548 389 609 ecclesiasticam
409 550 559 631 imprimis
581 548 693 609 borum
717 556 892 631 temporum
910 545 1089 625 historiam,
1118 546 1254 627 faciunt,

145 634 370 714 reperiuntur,
406 653 484 715 quae
512 628 585 693 alibi
606 631 721 693 frustm
750 632 945 715 quaesiveris.
987 626 1080 708 Quod
1098 628 1255 693 lucidento

145 726 200 777 est
219 713 333 777 indicio
355 714 414 777 boe
428 736 506 799 opus
524 736 682 799 nunquam
700 715 859 799 prodiisse.
901 711 1002 777 Multa
1019 716 1100 773 enim
1115 722 1178 774 tam
1195 736 1254 797 pa-

145 798 219 860 latii
243 812 337 881 qtram
360 796 625 861 ecclesiae'officia
646 821 664 860 a
684 798 803 860 Codino
826 808 917 881 atque
933 798 1070 858 Meursio
1087 800 1197 857 omissa
1216 819 1254 861 ex

146 880 207 943 illo
223 882 375 965 produci,
396 880 494 943 multa
513 884 605 943 etiam
626 880 774 943 illustrari
834 891 931 949 ssnnt.
972 882 1155 941 Innumerae
1174 902 1254 963 qno-

145 986 213 1049 que
240 987 329 1027 voces
354 976 532 1045 occummt,
554 988 630 1049 quas
650 986 751 1049 neque
766 966 795 1026 G
807 966 921 1027 ossaria
940 962 1131 1042 a‘Lahbaeo,
1146 963 1253 1024 Meur-

145 1052 225 1127 sio,
258 1050 302 1111 du
329 1048 445 1131 Gangio
483 1051 674 1133 composita,
711 1070 812 1133 neque
835 1043 1007 1132 Hesychius
1025 1065 1125 1131 neque
1142 1046 1254 1109 Suidas

144 1130 276 1196 habent.
317 1132 422 1209 Quare
436 1131 485 1211 ad
504 1132 626 1215 linguae
650 1135 741 1195 etiam
769 1132 911 1215 peritiam
931 1130 1014 1193 haud
1041 1151 1152 1213 parum
1177 1151 1254 1201 crarta·⁴

147 1214 250 1277 ducit.
293 1214 397 1297 Stylus
420 1226 575 1281 caeterum
598 1218 670 1277 satis
694 1227 835 1298 comptus
859 1227 951 1297 atque
971 1234 1029 1298 pro
1050 1217 1136 1275 istius
1158 1214 1253 1275 seculi

144 1296 295 1359 barbarie
321 1308 369 1359 sat
385 1296 516 1382 elegans.
559 1298 727 1381 Nunquam
748 1318 823 1361 vero
842 1298 958 1359 'editum
972 1343 982 1377 ,
997 1300 1061 1359 imo
1081 1296 1132 1358 vix
1146 1300 1252 1379 cogni-

145 1391 218 1441 tum
239 1380 387 1443 haerena
406 1384 557 1464 optimum
578 1380 670 1443 luisse
686 1382 822 1445 codicem
843 1400 969 1464 prorsus
996 1382 1102 1442 miror.
1143 1378 1253 1526 Neqpe

145 1468 234 1527 enim
256 1466 338 1525 inter
361 1485 455 1546 opera
479 1465 671 1527 Constantini
697 1486 716 1527 a
739 1465 893 1527 Vulcanio
913 1464 963 1527 vel
987 1464 1027 1525 ab
1050 1463 1118 1525 aliis
1134 1464 1200 1546 pub
1213 1466 1253 1535 'ci

145 1546 226 1609 iuris
246 1546 328 1609 iacta
347 1558 497 1630 apparet,
519 1568 619 1629 neque
638 1548 678 1609 ab
690 1548 843 1626 Hanckio,
864 1568 922 1610 nec
946 1545 1025 1624 alio,
1045 1546 1128 1629 qaod
1142 1549 1251 1628 sciam,

143 1629 213 1701 ulla
231 1634 297 1692 eius
317 1630 352 1692 iit
368 1632 495 1693 mentio.
538 1630 655 1692 Veru'm
672 1631 714 1691 du
729 1630 857 1693 Fresnei
875 1632 1002 1692 Domini
1021 1630 1063 1690 du
1080 1632 1182 1712 Cange
1200 1634 1251 1695 in-

143 1713 299 1776 dustriam
321 1713 462 1797 effirgisse
503 1711 574 1775 lane
589 1711 744 1792 demiror,
766 1716 881 1797 quippe
902 1712 956 1797 qui
976 1710 1016 1773 ad
1037 1710 1251 1782 illustrandam

143 1796 317 1861 Orientalis
336 1798 460 1881 Imperii
481 1736 663 1877 historiam,
689 1796 917 1861 etGlossarium
929 1818 1020 1858 suam
1037 1796 1251 1861 adornandum

143 1878 381 1963 incomparabili
401 1900 526 1963 prorsus
558 1878 659 1941 studio
682 1882 785 1941 omnia
810 1882 940 1943 rimatus
971 1890 1029 1942 est·
1072 1878 1162 1940 Solus
1186 1882 1249 1943 Ge-

142 1984 255 2025 saenis
263 1966 297 2044 ¹),
318 1964 350 2024 in
363 1962 489 2025 historia
510 1961 658 2025 litteraria
674 1964 887 2046 peritissimus,
907 1966 973 2027 eius
992 1961 1076 2025 hisce
1095 1966 1248 2045 meminit,

143 2046 222 2107 dum
242 2050 323 2107 inter
337 2044 398 2107 alia
418 2042 615 2109 Constantini·
630 2046 734 2129 Opera
760 2056 919 2109 recenset:
953 2044 1128 2108 »Volumen
1151 2044 1249 2112 Grae-

142 2122 216 2191 ¹cum
238 2150 384 2212 magnum
401 2151 436 2191 ex
463 2126 650 2189 bibliotheca
672 2126 850 2212 Hungarica
871 2127 910 2189 de
932 2129 1114 2191 Cerimoniis
1138 2129 1246 2195 aulicis

140 2216 239 2275 sacris
258 2224 289 2275 et
305 2211 480 2295 prophanis.
518 2209 714 2289 Videndum,
736 2216 836 2295 pergit
853 2212 1020 2289 Gesnerus,
1040 2234 1080 2276 an
1094 2209 1179 2275 l'orte
1203 2218 1247 2279 sit

140 2295 226 2358 idern
241 2296 336 2357 Liber
353 2298 406 2377 qni
430 2292 661 2376 Harmenopulo
683 2292 831 2357 tribuitur
855 2295 889 2354 in
906 2292 1051 2378 catalogo
1074 2294 1246 2360 Bibliothe⁴

142 2400 198 2442 cae
217 2380 308 2464 Regis
327 2376 507 2455 Gallorum,
529 2376 618 2438 Ordo
636 2377 880 2462 RegiiPalatii.a
921 2376 1049 2440 Nullum
1071 2400 1146 2442 vero
1164 2382 1243 2447 mihi

142 2463 274 2529 dubium
299 2473 362 2540 est,
382 2473 435 2524 aut
464 2459 539 2522 falso
559 2461 758 2522 Constantino
782 2461 1013 2544 Harmenopuio
1037 2465 1162 2526 inscribi
1188 2479 1244 2530 aut

139 2546 234 2629 plane
255 2545 411 2608 diversam
428 2567 492 2608 esse
516 2541 639 2606 debere.
663 2543 747 2606 Dum
763 2544 994 2628 expressissimis
1017 2547 1120 2609 verbis
1137 2549 1241 2631 impe-

141 2641 229 2690 rator
251 2632 284 2690 in
316 2631 454 2690 omnium
481 2637 667 2689 tractatuum
695 2627 792 2690 titulis
816 2639 847 2690 et
874 2627 1060 2710 praeloquiis
1081 2628 1150 2691 illos
1181 2633 1248 2695 sihi¹

141 2715 153 2773 i
177 2716 203 2774 si
229 2712 380 2789 vindicet,
410 2722 455 2788 et,
493 2731 586 2794 quem
623 2709 824 2772 Constantino
853 2709 1083 2794 Harmenopnlo
1110 2713 1239 2794 tribuit,

170 2795 247 2856 odex
273 2795 312 2856 de
336 2793 478 2873 Aulicis,
505 2813 593 2854 meus
625 2813 700 2854 vero
730 2793 770 2854 de
796 2793 1017 2856 Ecclesiasticis
1047 2796 1240 2877 potissimum

143 2888 224 2962 agat.
267 2878 320 2938 Dn
333 2877 486 2960 Cangius,
509 2876 562 2959 qui
579 2879 682 2938 omnia
697 2877 809 2960 Regiae
824 2876 901 2940 Bibl.
920 2877 988 2939 MS.
1012 2877 1118 2940 sedulo
1140 2900 1239 2944 metu·

142 2966 193 3041 sit,
215 2961 479 3044 Harmeuopulnm
497 2980 560 3020 non
577 2959 675 3037 vidit,
700 2959 775 3021 alias
792 2958 969 3043 neglexisset
988 2962 1125 3041 minime,
1142 2984 1239 3047 quare

141 3044 229 3105 illum
246 3045 352 3106 adesse
371 3047 421 3106 vix
438 3043 541 3114 credo.
585 3043 618 3104 Si
633 3042 749 3104 Labbei
765 3043 953 3105 Bibliotheca
964 3046 1053 3106 MSS.
1069 3047 1093 3125 ²)
1112 3046 1152 3107 ad
1170 3069 1238 3110 ma-

143 3150 201 3189 nus
217 3139 312 3206 esset,
333 3127 441 3189 lubens
465 3125 694 3190 consuluissem.
737 3126 768 3188 Is
799 3129 881 3188 enirn
902 3129 1014 3210 Regiae
1031 3128 1238 3194 Bibliothecae

143 3211 232 3272 MSS.
253 3213 332 3272 inter
359 3221 478 3272 caetera
501 3219 678 3287 enumerat,
702 3207 802 3292 qualis
825 3221 927 3273 autem
951 3213 992 3271 sit
1010 3211 1174 3294 catalogus
1197 3214 1237 3278 da

143 3315 204 3378 quo
229 3293 402 3377 Gesnerus,
433 3297 552 3378 ignoro.
593 3291 716 3356 Mstum
747 3293 839 3355 fixisse
868 3303 1001 3377 oportet.
1042 3295 1237 3378 singularem

163 3461 188 3534 r)
206 3461 268 3515 Sive
278 3461 392 3516 iacchus
408 3453 513 3516 Frisios
531 3462 625 3532 potius
642 3461 672 3512 in
682 3461 810 3532 Epitome
821 3461 1087 3519 BibLGeanerianae
1102 3473 1132 3520 et
1144 3469 1235 3521 eonti-

209 3533 344 3586 nuatione
361 3551 405 3604 ap.
423 3531 571 3586 Froschor.
594 3533 668 3592 1583.
687 3533 735 3590 sol.
753 3535 845 3604 papi.
922 3535 951 3603 a)
971 3535 1003 3586 in
1022 3533 1075 3586 hac
1093 3553 1151 3606 pag
1171 3557 1232 3608 ²7⁰·

208 3612 397 3656 memorantur
421 3618 455 3655 ex
479 3603 556 3658 MSS.
584 3603 654 3655 Bihl
678 3603 796 3674 Regiae,
821 3610 886 3674 port
913 3603 1049 3659 iiarmeno
1071 3608 1111 3658 uli
1138 3627 1234 3678 prom·

206 3677 330 3727 tnarium
350 3673 431 3727 libris
457 3673 528 3726 Vlli.
556 3673 716 3726 distinctum
743 3682 773 3726 et
790 3674 865 3744 plera
906 3691 922 3727 e
949 3675 1039 3726 aliaa
1083 3684 1233 3751 utrumqne

207 3747 252 3798 ins
277 3745 445 3798 Graecorum
474 3745 627 3813 spectantia
649 3744 801 3812 opuscula,
825 3746 848 3797 0
881 3747 926 3799 cia
948 3746 1060 3800 Palatii
1080 3761 1108 3801 et
1131 3751 1233 3806 Eccle-

205 3819 267 3872 siae
292 3829 325 3868 ac
348 3815 427 3869 aedes
453 3813 624 3884 patriarchae
646 3815 723 3868 CPol
748 3813 889 3870 subiectae
916 3815 968 3870 aab
991 3815 1084 3871 Leone
1102 3819 1231 3874 Philoso-

225 3885 262 3940 bo
289 3893 319 3940 et
345 3883 503 3939 Andronico
527 3885 701 3955 Palacologo,
729 3893 757 3940 et
783 3883 864 3947 τάξις
889 3886 948 3939 τῶν
969 3895 1158 3956 χειροτονιῶν
1180 3907 1231 3962 per

203 3903 377 4011 hemeritam
404 3956 557 4010 Geminum
579 3957 800 4009 Protoaotarinm
828 3973 941 4026 magnae
973 3959 1104 4013 ecelesiae
1129 3962 1230 4016 Diaco-

206 4028 377 4091 nnnr,1nacri
399 4027 492 4080 tiones
513 4025 684 4080 Patriarchae
710 4026 789 4082 CPoi.
812 4027 848 4081 ad
861 4028 961 4100 Papam
983 4038 1012 4082 et
1035 4037 1156 4087 caeteros
1178 4032 1230 4086 1³2-

206 4095 353 4166 triarchas,
370 4045 537 4172 lienique.
575 4097 631 4154 sed
650 4097 723 4154 nibil
741 4095 813 4154 haee
830 4097 1011 4171 adpraesens
1029 4117 1108 4177 opas.
