3042 4825
246 266 252 277 ,
282 163 930 263 nummulariorum.
963 199 1077 271 uss.
1144 166 1225 260 561

134 369 213 425 τους
233 349 262 414 αἰ
282 352 454 432 βασιλικοὶ,
484 349 540 416 κατ’
560 343 624 414 sini
644 350 708 415 τῶν
733 351 834 415 έκεῖσε
853 349 1041 418 ἰππεδουσιν
1066 352 1096 418 ol
1117 353 1233 420 leoni·

134 475 191 514 τοι
211 447 268 514 καί
286 443 485 536 οἰπέρχονται
512 451 613 536 μέχρι
631 453 691 514 τοῦ
719 445 781 526 ἔξω
802 448 1003 533 προπυλαίου
1034 454 1094 517 τοῦ
1111 455 1157 530 εἰς
1177 451 1234 520 τδν

136 545 290 633 ἔμβολον,
320 552 377 615 κατ’
406 551 471 613 τῶν
500 551 606 613 ἵππων
632 549 733 614 δκεῖσε
762 547 954 631 ἀποβάντες,
984 545 1172 634 τίνέρχονται
1191 551 1233 617 ui

137 648 265 728 osolla,
286 647 342 711 καί
361 649 547 734 διέρχονται
565 645 620 712 διδ
641 649 699 711 rosi
719 643 800 734 πρὸς
817 641 974 734 ἀνατολὴν
990 649 1097 727 δεξιοῦ
1116 651 1236 738 μέρους

116 745 197 812 5τοῦ
217 747 387 832 λουτῆρας.
429 748 530 812 islense
559 746 621 834 χδρ
645 749 791 812 ἵστανται
820 749 877 811 καί
899 747 1049 831 δέχονται
1077 747 1152 826 rosio
1183 752 1236 814 rie·

135 842 258 924 σπδτας
278 845 310 910 οἳ
327 868 363 910 τε
375 840 545 932 μα’μιοτροι
563 846 620 912 καί
641 848 802 933 πατρίκιοι
821 845 879 910 καί
896 845 926 911 οἱ
946 846 1053 912 λοιποί
1070 855 1238 936 συγκλητι·

135 942 190 1009 κοί
210 944 265 1009 καί
282 947 444 1027 βασιλικοί
463 937 646 1032 ἅνθρωποι,
677 943 734 1010 καί
753 943 817 1010 ἀπὸ
835 947 898 1011 τῶν
918 949 1018 1011 ἐκεῖσε
1038 950 1261 1035 εἰσέρχονταιι

138 1041 170 1108 οἰ
190 1039 344 1108 δεσπόται
365 1043 410 1121 εἰς
431 1041 488 1109 τδν
508 1041 674 1132 νάρθηκα,
694 1047 751 1110 καί
769 1043 1034 1131 περιβαλλόμενοι
1053 1044 1093 1112 τὰ
1111 1068 1234 1133 χρυοο·

137 1143 341 1228 περιλλειστα
360 1141 468 1228 σαγία,
489 1137 647 1210 ἅπτουσιν
664 1141 781 1231 κηροδς
801 1148 848 1220 εἰς
861 1143 920 1221 τὰς
938 1145 1106 1227 βασιλικὰς
1126 1146 1241 1223 πύλας.

100 1241 198 1311 tonui
221 1241 344 1318 εδδέως
364 1245 565 1327 εἰσέρχονται
593 1247 650 1308 καί
668 1244 851 1328 διέρχονται
876 1241 931 1308 διαὶ
952 1244 1053 1325 μέσου
1079 1248 1138 1310 τοῦ
1158 1244 1242 1310 noos?

141 1338 198 1405 καί
216 1343 272 1426 τῆς
292 1338 453 1423 σαλαίας,
476 1339 531 1406 καί
551 1338 647 1406 πάλιν
667 1336 822 1406 ἅπτουσιν
840 1340 958 1426 κηροδς
977 1340 1038 1420 ἔξω
1057 1345 1121 1409 τῶν
1141 1341 1241 1429 δγέαιν

140 1441 270 1526 θυρῶν,
298 1441 354 1504 καί
373 1440 572 1524 εἰσέρχονται
593 1442 639 1516 εἰς
658 1438 695 1504 τδ
718 1435 808 1524 ἅγιον
838 1439 1086 1527 θυσιαστήριον,
1118 1443 1174 1507 καί
1201 1446 1243 1507 d-

141 1541 319 1617 σπδζονται
337 1534 396 1622 τὴν
414 1537 554 1623 ε’νδυτὴν
574 1536 632 1602 καί
659 1535 720 1622 τήν
745 1539 806 1601 τοῦ
831 1538 998 1624 μα’ρτυρος
1017 1539 1110 1624 δχιάν
1129 1542 1242 1626 κάρον,

144 1639 200 1725 καί
219 1637 405 1724 διέρχονται
425 1635 481 1701 διδ
511 1639 568 1701 τοῦ
589 1633 670 1721 πρδς
690 1633 849 1713 ἀνατολὰς
876 1640 936 1701 τοῦ
954 1637 1097 1720 βήματος
1114 1632 1245 1725 ἄριστε*

105 1738 204 1823 τ5ροῦ
224 1729 366 1822 μέρους,
403 1734 459 1799 καί
485 1735 520 1800 έν
548 1737 593 1822 τῷ
613 1737 714 1800 ἐκεῖσε
740 1737 917 1823 τετρασέριρ
939 1736 1155 1822 εἰσέρχονται,
1191 1739 1248 1804 κατ’

142 1832 242 1901 πάλιν
256 1831 317 1899 ὑπὸ
331 1837 397 1898 ταῖν
409 1832 521 1918 ἱερέαν
539 1835 756 1920 προσφέρεται
772 1833 793 1920 ἦ
810 1833 887 1917 δγέα
900 1833 991 1919 κάρα,
1009 1838 1065 1899 κατ’
1076 1834 1172 1901 πδλιν
1186 1861 1245 1920 με·

143 1931 184 2000 τοὶ
207 1935 313 2018 κηρῶν
329 1930 392 1996 sini
410 1935 473 1998 τῶν
493 1934 651 1997 δεσποτῶν
666 1941 897 2018 προσκυνεῖται,
910 1930 966 1996 καί
978 1927 1033 1996 ἀπ’
1051 1935 1149 2020 αὐτῆς
1164 1942 1275 2018 λαμ-α

144 2028 298 2116 βαίνουσιν
314 2021 410 2114 ἅγιον
421 2025 642 2116 τίπομδριομα,
676 2033 731 2095 καί
747 2033 931 2115 ἐξέρχονται
944 2031 990 2108 εἰς
1003 2030 1039 2097 τδ
1058 2034 1186 2131 έξᾴερον
1200 2035 1247 2110 εἰς

145 2129 181 2197 τὸ
192 2133 294 2196 ε’κεῖσε
316 2128 575 2214 ἀναδενδράδων,
601 2124 726 2194 κάκεῖσε
748 2125 981 2210 σκεπαζόμενοι
997 2129 1248 2214 ε’κβοὶλλουσιτδ

105 2225 380 2316 τιοσκαραμάμγια,
404 2227 461 2292 καί
479 2227 608 2310 κολδβια
629 2227 888 2311 περιβαλλόμενοι
907 2222 1173 2315 ὑποστρέφουσιν,
1194 2255 1247 2296 κει

147 2326 295 2394 λεδουσιν
312 2325 454 2417 ἔφιπποι,
470 2329 570 2412 μέχρι
584 2327 641 2391 sori
658 2327 829 2407 παλατίου,
845 2324 1007 2392 κελεύουσι
1023 2332 1104 2410 πλοῖ,
1123 2326 1160 2394 δν
1172 2326 1250 2415 τρδιε

148 2454 207 2495 πον
227 2430 395 2515 εἰρήκαμεν
414 2424 473 2513 τήν
494 2424 615 2493 τοδτιον
635 2416 757 2512 ἄφιξιν.
780 2428 894 2508 ἰστέον,
918 2420 980 2510 δτι,
1000 2429 1078 2492 πλοῖ
1092 2428 1251 2513 δποστρει

148 2529 274 2618 φὸνταν
289 2531 354 2593 τῶν
368 2529 537 2609 δεσποτῶν,
557 2520 652 2604 ὅσους
670 2519 711 2591 δν
721 2521 911 2591 κελεύσωσιν
924 2526 1172 2612 συνεστιαθῆναι
1186 2530 1250 2594 τῶν

148 2754 194 2807 lbi
213 2748 410 2806 descendentes
437 2766 471 2802 es
495 2748 574 2821 equis
602 2746 753 2801 ascendunt
775 2760 825 2817 per
848 2748 962 2813 serlum,
993 2752 1023 2802 et
1040 2750 1183 2804 transeunt
1199 2761 1252 2823 per
1296 2799 1298 2802 .

151 2828 275 2881 dextram
294 2823 456 2877 orientalem
477 2822 583 2891 plagam
607 2819 704 2873 luteris
722 2837 771 2871 seu
796 2820 970 2889 baptisterii,
994 2819 1043 2870 ubi
1071 2840 1086 2873 a
1114 2824 1250 2892 magistris

151 2906 182 2949 et
199 2894 323 2966 patriciis
334 2893 505 2963 reliquisque
523 2892 667 2943 senatoriis
681 2898 710 2942 et
727 2890 916 2959 imperialibus
927 2888 1087 2944 hominibus
1105 2895 1251 2963 excipiuna

151 2975 206 3020 tur.
258 2966 340 3017 Illinc
358 2963 462 3015 intrant
478 2961 508 3013 in
532 2958 712 3027 narthecem3
742 2961 790 3011 ubi
814 2960 905 3012 induti
925 2976 987 3031 saga
1011 2978 1060 3014 sua
1085 2976 1150 3016 suro
1174 2981 1202 3015 se
1223 2972 1252 3017 ta

153 3034 311 3089 accendunt
331 3050 423 3086 cereos
441 3032 471 3083 iu
489 3039 568 3101 porta
589 3030 719 3094 basilica,
745 3045 835 3101 eoque
860 3032 955 3094 facto,
981 3032 1087 3083 intrent
1110 3034 1141 3087 in
1161 2982 1252 3088 eccie-

154 3108 240 3169 siam,
258 3111 402 3158 transeunt
423 3118 473 3172 per
500 3118 583 3155 nsum
601 3108 629 3154 et
652 3116 702 3171 per
720 3101 845 3166 soleam,
869 3118 962 3154 rursus
980 3102 1134 3157 accendunt
1158 3116 1252 3158 cereos

155 3194 247 3229 coram
265 3174 364 3227 sanctis
387 3174 511 3235 furibus,
529 3172 634 3224 intrant
652 3172 682 3223 in
700 3170 919 3239 thysiasterium,
943 3172 1099 3225 osculantur
1123 3174 1253 3243 endytant

156 3257 186 3301 et
206 3254 328 3299 sanetum
346 3244 470 3310 martyris
489 3250 585 3312 eaput;
610 3251 668 3293 tum
689 3251 833 3295 transeunt
856 3257 906 3313 pes·
929 3243 1068 3295 sinistram
1089 3244 1253 3301 orientalem

155 3320 264 3391 plagam
288 3314 403 3367 bematis
422 3324 451 3366 et
471 3313 576 3365 intrant
602 3312 630 3365 in
649 3321 827 3376 tetraserum,
852 3311 987 3385 quodibi
1017 3321 1059 3365 est
1077 3312 1135 3387 [seo
1152 3316 1254 3369 cellam

156 3398 276 3472 quatuor
297 3386 364 3439 seris
385 3382 539 3456 munitsml.
582 3384 651 3436 llluo
669 3383 737 3453 ipsis
764 3383 856 3435 denuo
874 3388 1068 3453 praesentatur
1088 3402 1105 3436 a
1125 3388 1255 3440 ssoerd0⁴

156 3459 233 3511 tsbus
254 3466 345 3510 sancta
368 3472 429 3508 eura
454 3471 503 3507 seu
521 3462 645 3505 sanetum
664 3460 760 3523 caput;
786 3453 862 3524 quod
883 3456 995 3506 Domini
1012 3464 1104 3507 rursus
1129 3474 1191 3509 eum
1210 3474 1257 3510 acc

157 3532 246 3583 oensis
265 3531 351 3581 cereis
370 3525 499 3591 adorant3
513 3533 543 3578 et
561 3524 597 3575 ab
619 3527 679 3594 ipso
699 3524 840 3592 accipiunt
852 3534 976 3577 sanctum
995 3526 1177 3594 apomyrismo
1196 3526 1256 3610 [seu

158 3600 345 3655 destillantem
365 3614 453 3650 rorem
477 3596 630 3649 sanctitatis
650 3594 836 3668 unctuosuml.
874 3596 947 3647 Tum
966 3605 1070 3648 exeunt
1086 3614 1136 3665 per
1155 3605 1256 3651 atrium

159 3672 189 3723 in
209 3668 445 3723 anadendrsrlium
465 3664 658 3738 [quincuncem
677 3682 724 3717 seu
752 3666 941 3739 arboretum]‚
968 3667 1046 3737 quod
1072 3666 1114 3720 ibi
1140 3677 1202 3731 est,
1228 3677 1258 3721 et

160 3739 212 3793 sub
238 3739 384 3793 testudinis
403 3735 508 3789 ambitu
528 3744 633 3789 eruunt
651 3736 856 3805 scaramangia,
881 3745 911 3788 et
935 3736 1056 3789 iuduunt
1080 3736 1206 3801 colobia,
1229 3746 1259 3792 et

160 3812 192 3864 in
223 3809 276 3863 hoc
298 3819 431 3879 apparatu
454 3814 630 3861 revertuntur
649 3805 679 3857 in
706 3806 855 3874 palatium,
883 3808 940 3859 sire
965 3808 995 3858 in
1022 3808 1119 3875 equis,
1145 3808 1203 3861 sive
1228 3809 1260 3861 in

163 3879 310 3946 dromone3
329 3880 405 3952 quod
425 3880 562 3949 posterius
580 3876 604 3928 si
623 3877 684 3939 liat,
704 3874 802 3929 eodem
818 3871 901 3929 modo
923 3878 956 3929 tit
977 3876 1008 3928 lu
1025 3872 1114 3942 abitu,
1131 3886 1214 3948 utque
1229 3882 1261 3931 iu

162 3951 283 4005 adventu
301 3952 405 4005 dictum
424 3950 486 4001 fuit„
524 3950 552 4001 Si
571 3964 622 4017 per
642 3947 733 3999 sinum
760 3947 842 3997 meris
870 3947 983 4000 Domini
1007 3954 1195 4009 revertantur,
1213 3950 1260 4000 iu⁴

162 4028 241 4077 trant
265 4022 388 4092 ipsorum
408 4038 442 4073 ex
464 4017 593 4072 mandato
609 4018 640 4070 in
664 4016 823 4070 dromonem
839 4018 923 4070 simul
946 4031 1007 4070 cum
1029 4020 1096 4088 ipsis
1122 4026 1262 4091 quotquot

163 4090 220 4167 ipsi
236 4094 377 4147 soluerint
400 4092 587 4162 iusserintque
607 4103 751 4157 procerum
776 4102 811 4139 eo
838 4085 885 4139 (lie
904 4104 996 4141 seeum
1019 4090 1134 4158 epulari.
1179 4092 1260 4141 Meu*

202 4198 405 4257 Constantinus
420 4192 554 4265 Porphyr.
584 4192 641 4246 vot
660 4190 683 4244 1.
1027 4190 1062 4245 36
