3042 4825
319 165 1089 245 oncrumou.suusssmsur.s.1a
1174 145 1253 242 113

163 323 330 387 καλοῦνται
349 318 405 388 τάν
426 320 638 408 πατριάρχην,
658 320 715 388 καί
734 315 904 409 ἀνέρχεται
919 322 975 392 tad
996 327 1055 392 τοῦ
1075 325 1179 397 ottoni
1194 342 1278 396 ¹sco—lt

160 424 273 504 χλιοῦ,
306 418 362 486 eui
381 419 520 486 διελθὸν
541 419 596 486 διά
611 424 681 488 ,τιῦν
709 420 987 507 κατηχουμενιλον,
1015 424 1190 511 ἀπέρχεται
1220 430 1255 494 έν

161 521 207 610 τῷ
226 515 361 605 συνήθει
381 520 477 608 τόπῳ,
498 518 577 586 ἔνθα
596 520 653 586 καὶ
672 517 706 586 τὸ
727 519 916 604 α’ντιμίσιον,
936 523 993 587 καί
1005 523 1178 590 κοινωνεΐά
1194 530 1256 608 βα-

163 615 271 693 σιλεῦς
291 619 327 684 έκ
346 621 411 684 τοῖν
428 621 489 684 τοῦ
506 619 705 705 πατριάρχου
725 621 855 706 χειροῦν,
875 617 932 686 κατ’
949 614 1011 685 rlt’
1034 614 1134 698 οῦτας
1155 623 1256 710 άπερ-

144 723 255 801 troas
268 715 294 781 ά
314 713 530 804 πατριάρχης,
562 721 617 784 καὶ
644 721 791 785 έστανεαι
809 721 845 785 έν
863 722 907 807 τῷ
934 719 1100 810 άντιμισιλρ
1121 723 1166 809 τρῦ
1186 712 1255 788 ὄντι

162 813 313 884 άπέναντι
330 819 386 903 τῆς
404 815 515 902 πάλης,
536 819 571 885 ἐν
591 808 618 908 ᾧ
637 813 754 908 άριστρῖ
772 819 812 908 τῇ
831 817 918 907 αὐτῇ
936 815 1039 908 ἡμέρη
1061 814 1255 914 ῦβασιλρῦς,

163 917 220 982 καὶ
238 918 442 982 κοινωνοῦσα
461 919 564 984 iratos
586 916 616 984 οἱ
636 916 785 1006 συνήθεις
805 909 957 1004 ἄρχοντες
962 969 973 1001 ,
994 916 1050 983 καί
1067 915 1130 984 εἶθ
1150 913 1254 996 οῦτας

163 1019 351 1102 κατέρχεται
380 1015 399 1082 ά
431 1017 632 1104 πατριάρχης
658 1016 739 1105 πρὸς
757 1015 796 1082 τά
817 1020 976 1084 ἐκτελέσαι
994 1016 1054 1104 τὴν
1073 1015 1168 1085 θείαν
1186 1024 1252 1083 λει-

162 1113 327 1200 τουργίαν.
368 1113 386 1182 ὅ
407 1118 443 1180 δέ
462 1114 614 1201 βασιλεῦς
635 1117 809 1204 άπέρχεται
829 1114 884 1182 διά
903 1119 965 1182 τοῦ
983 1116 1153 1204 τρικλίνου,
1172 1106 1253 1205 iss}

128 1206 295 1302 ιοάριστᾷ,
317 1215 370 1280 καί
389 1217 566 1301 εἰσέρχεται
586 1219 621 1282 έν
641 1218 686 1304 τῷ
704 1219 827 1282 κοιταῦνι
848 1210 956 1281 αῦτοῦ.
996 1219 1195 1301 τελεσθείσης
1216 1219 1253 1283 δέ

163 1314 219 1396 τῆς
237 1315 329 1390 θείας
346 1313 562 1401 λειτουργία,
598 1315 842 1382 ἀποστέλλονται
862 1315 1066 1401 σιλεντιάριοι
1084 1313 1174 1402 παρά
1195 1317 1254 1381 τοῦ

162 1415 370 1496 πραιποσίτου
392 1411 454 1478 άπὸ
473 1412 653 1495 κελεῦσεας,
674 1413 731 1481 κατ’
748 1416 1002 1499 προσκαλοῦνται
1019 1411 1075 1480 τάν
1094 1412 1279 1502 πατριάρ-(ὶ
1350 1418 1355 1427 ’

163 1532 233 1594 χην.
276 1507 293 1574 ὃ
317 1512 353 1576 δέ
373 1513 573 1598 πατριάρχης
594 1507 784 1599 άνέρχεται,
804 1514 1016 1612 κρατούμενος
1036 1509 1097 1576 ainsi
1119 1517 1182 1579 τῶν
1202 1538 1253 1579 σι-

163 1608 365 1696 λεντιαρίιον,
389 1609 443 1674 διά
465 1614 523 1675 τοῦ
544 1616 773 1698 προειρημένου
795 1614 925 1693 κοχλιοῦ
943 1609 1000 1676 καί
1018 1613 1196 1694 εἰσέρχεται
1217 1613 1254 1676 έν

128 1713 225 1782 ι5τοῖς
240 1706 512 1794 κατηχουμενίσις,
529 1709 654 1775 κάκεῖσε
669 1708 784 1797 μικράν
799 1715 1055 1796 προσμείναντος,
1074 1711 1254 1795 εέσέρχεται

163 1805 180 1870 ὅ
197 1805 400 1894 πραιπάσιτος
414 1806 471 1872 καί
481 1810 577 1896 δηλοῖ
586 1813 628 1899 τῷ
642 1813 777 1894 βασιλεῦ,
792 1807 850 1874 καί
858 1807 965 1894 λαβὼν
979 1812 1080 1892 νεῦμα
1093 1806 1181 1895 παρά
1195 1811 1254 1874 τοῦ

161 1907 327 1989 βασιλέως,
343 1907 505 1991 ἐξέρχεται
516 1906 600 1989 μετά
614 1907 678 1974 τοῦν
693 1903 858 1993 ἀρχόντων
872 1910 931 1972 τοῦ
943 1910 1178 1992 κουβουκλείου,
1198 1905 1256 1974 καέ

161 2006 413 2090 προσκαλοῦνται
432 2002 489 2069 τάν
509 2009 728 2092 πατριάρχην,
760 2010 817 2071 καί
845 2001 969 2072 ἑνοῦται
989 2009 1035 2096 τῷ
1066 2012 1197 2092 βασιλεῖ
1219 2009 1254 2074 έν

162 2105 205 2192 τῷ
224 2105 389 2192 τρικλιῦιρ,
410 2103 445 2169 ἕν
466 2093 492 2193 ᾧ
513 2103 569 2169 καί
587 2101 623 2169 τά
645 2101 818 2190 κλητάριον
837 2103 1047 2190 ἤτοίμασται,
1077 2103 1133 2170 καί
1151 2103 1255 2171 εἰπάν-

125 2226 225 2276 ςστεον
243 2199 299 2268 τάν
318 2201 437 2287 στιχον,
458 2201 665 2290 ὑπεξέρχεται
683 2201 799 2288 μικρὸν
819 2199 836 2267 ὅ
858 2205 1060 2291 πατριάρχης
1072 2205 1255 2287 καέέκβάλ-

160 2306 210 2366 λει
229 2299 267 2365 τὸ
289 2299 480 2389 άμοφόριον
492 2297 627 2385 cuiauis,-
646 2301 801 2378 ὦσαάτως
827 2304 884 2367 καί
902 2298 919 2364 ὅ
940 2301 1091 2385 βασιλεῦς
1111 2306 1256 2388 ἐκβάλλει

159 2398 196 2467 τὸ
224 2400 334 2485 σαγίσν
365 2396 487 2467 edred.
526 2401 583 2467 κατ’
610 2399 802 2482 καθέζονται
822 2399 999 2488 άμφάτεροι
1018 2403 1054 2467 έν
1074 2402 1117 2492 τοῦ
1138 2409 1256 2490 κλητιο-

162 2498 243 2587 ρίηι,
263 2500 318 2564 καέ
336 2496 472 2566 πιόντων
492 2496 570 2587 πρὸς
590 2493 690 2582 ἅπαξ,
712 2502 909 2586 εἰσέρχονται
930 2497 961 2564 oi
982 2498 1087 2587 plius,
1116 2500 1172 2566 κατ’
1189 2498 1285 2571 elii'n

163 2592 266 2675 οῦτως
291 2598 492 2686 εἰσέρχονται
520 2600 577 2666 καὶ
607 2598 638 2663 οἱ
668 2600 733 2665 τάν
761 2599 950 2688 άμφοτέρων
978 2601 1086 2685 μεριῦν
1111 2600 1257 2686 δημοῦται

233 2777 258 2831 5.
276 2774 388 2829 ἵσταται
407 2775 468 2832 cod.
538 2778 563 2831 8.
580 2736 689 2831 llerbar
716 2774 732 2831 d
760 2770 941 2848 auspitium
963 2801 997 2819 ··
1021 2773 1072 2829 rot
1095 2774 1257 2849 τέσέρχεται

162 2916 164 2925 Ι
232 2846 333 2901 absunt
349 2846 385 2900 ab
405 2846 448 2903 ed

162 3014 280 3073 suetum,
299 3004 349 3060 ubi
366 3007 560 3061 antimeusiuns
573 3008 723 3078 repositum
742 3012 795 3071 est,
816 3004 958 3077 procedit,
983 3006 1034 3059 uhi
1052 3024 1067 3061 e
1082 3006 1255 3079 patriarchae

162 3078 290 3131 manibus
300 3080 451 3149 Imperator
462 3080 656 3144 communicat,
665 3096 727 3131 mox
736 3076 891 3150 patriarcha
908 3073 977 3142 abit,
997 3087 1027 3131 et
1042 3080 1152 3150 utrique
1163 3080 1191 3131 in
1204 3096 1255 3131 sn-

163 3150 291 3201 tisneusio
302 3158 366 3201 ante
375 3158 490 3218 portam,
502 3148 552 3201 ubi
561 3147 613 3201 hoc
624 3150 670 3202 die
679 3151 829 3219 Imperator
838 3149 994 3201 convlvlum
1007 3150 1072 3219 agit,
1090 3149 1255 3213 subsistunt,

164 3226 193 3271 et
209 3237 258 3289 pro
269 3236 344 3272 more
359 3220 492 3291 praelecti
506 3218 626 3272 cubiculi
646 3221 856 3285 communicant,
873 3236 928 3289 quo
946 3218 1029 3282 iacto,
1048 3218 1201 3290 patriarcha
1218 3218 1255 3271 ad

163 3290 283 3347 divinans
293 3290 431 3360 liturgiam
441 3288 634 3359 perdelendarn
644 3308 674 3344 se
688 3292 830 3349 convertit.
846 3292 996 3359 Imperator
1006 3297 1096 3342 autern
1105 3308 1156 3412 Ber
1165 3290 1255 3343 tricli-

162 3361 248 3424 nium,
267 3362 297 3412 in
314 3378 368 3431 quo
385 3369 523 3423 coenatur,
542 3362 688 3429 egreditur,
707 3368 736 3413 et
748 3379 826 3412 snum
837 3361 994 3414 cubiculum
1007 3362 1089 3431 petit.
1133 3360 1255 3412 ivlnali-

162 3433 251 3501 turgia
261 3432 348 3493 linita,
361 3431 529 3483 silentiarios
545 3433 717 3503 praepositus
730 3430 882 3485 amandato
895 3434 992 3493 mittit,
1009 3432 1058 3503 qui
1072 3428 1255 3500 patriarcham

164 3508 308 3560 arcessant.
335 3502 361 3553 Is
379 3519 395 3553 a
410 3500 570 3554 silentiariis
588 3500 694 3566 ductus,
713 3518 762 3571 per
784 3503 884 3555 dictam
904 3500 1043 3556 cochleam
1065 3500 1210 3554 adscendit
1225 3508 1257 3553 et

164 3570 356 3624 catechumena
373 3574 469 3634 intrat,
487 3570 536 3625 ubi
555 3581 698 3643 postquam
717 3574 859 3641 psululum
877 3575 1055 3642 exspectavit,
1072 3571 1271 3643 praepositus..
1296 3607 1315 3624 ..

163 3642 326 3711 Imperatori
344 3640 375 3694 id
392 3644 583 3705 nuntiaturus,
602 3641 769 3714 ingreditur,
787 3645 921 3714 signoque
939 3643 974 3695 ab
992 3645 1162 3712 Imperatore
1180 3640 1254 3704 dato,

163 3726 224 3763 cuns
244 3712 364 3764 cubiculi
383 3712 527 3782 praesectis
546 3712 686 3783 egreditur
709 3752 716 3776 ‚
736 3722 768 3765 ut
784 3712 966 3783 patriarcham
984 3714 1135 3775 advocent,
1153 3714 1202 3783 qui
1220 3710 1256 3763 sd

162 3782 355 3851 Insperatorem
370 3782 400 3835 in
418 3800 452 3835 eo
472 3784 614 3847 triclinio,
633 3785 682 3837 ubi
700 3785 782 3837 etiarn
801 3785 955 3837 convivium
973 3791 1095 3854 paratum
1109 3789 1161 3848 cst,
1177 3798 1256 3833 acce-

162 3849 223 3915 dit,
240 3851 291 3904 ubi
312 3851 401 3907 sticho
418 3853 510 3925 dicto,
536 3854 691 3924 patriarcha
709 3855 852 3924 paululum
871 3853 1005 3919 discedit,
1025 3871 1159 3925 suumque
1176 3869 1256 3904 omo·

162 3920 290 4045 phorium
318 3942 366 3977 sen
392 3920 546 3988 humerale,
565 3942 653 3995 aeque
678 3942 710 3977 ac
728 3924 880 3995 Imperator
902 3941 995 3994 sagum
1013 3943 1111 3988 suum,
1131 3922 1254 3992 deponit.

188 4010 242 4046 unc
261 3994 342 4047 ambo
362 4011 472 4047 mensae
490 3993 673 4057 accumbunt,
691 4003 720 4048 et
736 4004 883 4067 postquam
905 3996 991 4047 semel
1007 3995 1156 4057 biberunt,
1173 3992 1256 4044 amici

162 4062 287 4129 intrant,
306 4073 335 4118 et
353 4066 392 4119 sic
410 4082 521 4139 quoque
539 4067 623 4121 lectio
641 4075 758 4139 utraque
771 4068 803 4120 in
817 4066 1012 4137 baptisterium
1030 4065 1189 4130 descondit,
1208 4068 1255 4127 ot,

199 4166 402 4233 Constantinus
418 4169 552 4246 Porphyr.
580 4170 637 4228 Vol
655 4170 679 4225 1.
1039 4174 1059 4225 8
