3042 4825
288 206 374 295 256
503 231 772 305 consulimur
808 232 1174 306 rourumoeuuu

284 392 343 462 rori
365 393 606 472 κουβουκλείου,
636 389 693 456 καὶ
708 391 944 479 προσκυνήσας,
977 392 1139 479 ἐξέρχεται
1156 390 1191 454 ἓν
1211 390 1254 476 rqi
1272 386 1384 474 τριπέ-

284 512 360 556 τωνι
377 487 458 571 μετά
476 485 533 553 δόο
549 490 735 575 όοτιαρίων,
759 488 816 553 καί
830 491 951 554 ἐκτελεῖ
964 486 1081 571 πάντα,
1103 483 1140 553 όν
1156 482 1273 573 τρόπον
1298 486 1384 551 άνωι·

286 590 369 673 τόρω
391 584 562 673 ἐἰρήκαμεν
582 582 621 654 ἐνΙ
640 591 680 677 τῇ
700 592 842 676 προβολῇ
867 589 930 653 τῶν
952 588 1144 674 πατρικίων.
1182 582 1241 651 καί
1256 577 1380 668 εἳσάγει

255 690 385 771 Ββῆλον
406 684 443 767 ά,
467 686 676 771 μαγιοτρους,
702 687 758 751 καί
774 689 935 752 ἐκτελοῦσι
963 681 1084 767 πάντα,
1117 680 1162 761 ιός
1182 681 1202 767 ἦ
1219 680 1379 767 συνήθεια
1493 769 1494 772 ¹

284 784 362 869 ἔχει,
393 780 508 867 ὁμοίως
524 766 775 863 πάλιίὲξελδών
796 783 918 869 εἰσάγει
937 788 1038 870 βῆλον
1054 781 1095 867 β,
1122 785 1309 867 πατρικίους
1323 778 1398 847 καὶὸ
1493 775 1494 786 ’

282 882 495 969 στρατηγοῦς,
529 883 588 949 καί
606 881 714 960 ἁπλοῦς
735 882 775 948 τά
797 881 893 949 λοιποὶ
915 886 1024 969 βῆλα,
1046 880 1121 960 τοῦς
1139 904 1173 946 τε
1190 876 1377 966 δημάρχους
1494 884 1496 1029 η

282 982 340 1052 καί
355 980 409 1048 τόν
429 981 638 1069 τοποτηρητην
656 985 719 1049 τάν
736 986 872 1066 σχολοῦν.
912 980 968 1047 καί
991 984 1022 1049 εἰ
1043 978 1091 1066 μὴ
1108 982 1257 1065 εἰσῆλθεν
1283 978 1379 1064 όντῇ

283 1085 365 1170 δοχῇ
386 1082 403 1146 ό
419 1084 542 1165 μέλλων
558 1084 707 1167 γενέσθαι
725 1078 918 1165 α’νθῦπατος,
937 1076 1265 1169 προσκαλεσάμενοςό
1281 1083 1378 1163 βασι-

280 1179 358 1254 λεῦς
372 1178 427 1247 τόν
442 1179 660 1266 πραιπόσιτον,
689 1185 774 1267 λέγει
791 1178 827 1247 τό
848 1173 949 1263 ὄνομα
972 1183 1030 1246 τοῦ
1048 1182 1215 1262 μέλλοντος
1236 1182 1377 1263 προβλη-
1495 1191 1496 1246 i

278 1280 400 1361 θῆναι,
428 1279 568 1357 κάκεῖνος
595 1282 680 1366 λέγει
696 1284 743 1371 τῷ
759 1284 817 1365 τῆς
832 1277 1067 1360 καταστάσεως,
1098 1278 1242 1353 κάκεῖνος
1266 1275 1416 1362 λαβόντα
1495 1263 1496 1320 l

281 1374 394 1461 αὐτόν,
420 1377 464 1455 ὥς
486 1378 542 1445 sni
558 1382 745 1467 πατρικίου,
772 1376 1010 1465 {mercuritii
1031 1376 1213 1464 ἔμπροσθεν
1231 1379 1296 1443 τοῖν
1315 1376 1375 1463 ἆρ-

278 1474 402 1564 χόντων
423 1480 482 1543 τοῦ
499 1478 723 1563 κουβουκλείου
734 1528 744 1561 ,
773 1477 831 1543 καί
853 1474 1004 1560 repeirri
1025 1470 1231 1561 πραιπόσιτος
1247 1498 1374 1564 πορφυ-

132 1592 214 1650 Eril,
225 1582 359 1667 ιόοροῦν
380 1576 553 1665 τετράδιαν,
576 1580 744 1645 ἐπιδίδωσι
757 1580 802 1665 rqi
814 1582 957 1661 βασιλεῖ·
992 1569 1010 1641 ό
1028 1578 1064 1640 δὲ
1080 1578 1137 1659 τῆς
1154 1574 1375 1650 καταστάσεως

275 1675 357 1763 μετά
376 1678 607 1762 σιλεντιαρίου,
638 1677 818 1760 ἐνέγκαντες
849 1672 949 1743 αότόν
976 1672 1109 1758 πλησίον
1125 1677 1186 1739 τοῦ
1203 1674 1374 1757 βασιλέως,

275 1778 405 1842 ποιοῦσι
430 1778 649 1862 προσκυνῆσαι
679 1772 745 1857 ,καί
766 1775 904 1860 φιλῆσαι
922 1770 998 1849 τοῦς
1012 1768 1114 1849 πόδας
1132 1775 1192 1838 τοῦ
1205 1774 1411 1855 βασιλέως,τὸ

275 1873 340 1944 ⁶29³
357 1868 461 1953 οὕτως
479 1873 519 1940 τά
538 1871 654 1958 γόνατα
674 1866 795 1937 αῦτοῦ.
835 1868 903 1938 εἶτα
923 1869 1032 1957 λοβόν
1055 1868 1091 1937 τό
1112 1872 1302 1958 πορφυροῦν
1320 1893 1373 1935 τε·

274 1970 405 2061 τράδιον
429 1971 518 2060 παρά
539 1974 596 2037 τοῦ
616 1974 792 2055 βασιλέως,
821 1961 921 2054 ἤγουν
940 1968 977 2036 τό
1009 1970 1256 2051 ῦνδυπατάιιον,
1284 1974 1378 2058 φιλεῖ

279 2070 338 2138 καί
350 2069 409 2149 τάς
423 2080 536 2158 χεῖρας
553 2072 670 2153 αῦτοῦ,
700 2068 757 2135 καί
774 2063 838 2134 εἶθ)
855 2064 956 2146 οῦτως
977 2064 1192 2154 ἀπαγαγόντες
1215 2068 1314 2136 aeris
1337 2066 1374 2133 δι

282 2172 503 2256 πισδοφανοῦς,
528 2166 652 2235 ἱστᾶσιν
668 2166 767 2235 αῦτόν
784 2170 902 2253 μέσον·
945 2164 1085 2245 άπαντες
1106 2170 1143 2234 δὲ
1161 2166 1193 2233 oi
1211 2170 1246 2234 δν
1262 2172 1304 2256 τῇ
1317 2172 1373 2233 δο-

129 2272 321 2357 Μι.ιιι.οχῇ
337 2270 531 2344 εἰσελθόντες
548 2270 709 2334 ἐκτελοῦσι
727 2267 785 2354 τὴν
805 2264 1019 2354 προσκύνησιν
1024 2316 1035 2349 ,
1064 2262 1100 2333 όν
1119 2263 1236 2353 τρόπον
1253 2262 1409 2335 nime-ao

276 2395 324 2458 ρω
342 2366 466 2456 εἴρηται
485 2370 520 2436 όν
547 2371 584 2458 τῇ
607 2360 750 2456 προβολῇ
769 2370 832 2434 τῶν
855 2366 1041 2454 πατρικίων.
1083 2369 1098 2455 (
1106 2370 1172 2456 Β.)
1199 2368 1243 2434 Εἰ
1255 2368 1292 2432 δὲ
1310 2364 1369 2434 οῦκ

251 2471 426 2554 ῃείσῆλδεν
443 2472 478 2535 ἐν
501 2469 542 2558 τῇ
563 2469 644 2557 δοχῇ
664 2465 682 2531 ό
703 2469 828 2549 μέλλων
844 2468 1083 2552 προβληδῆναι,
1111 2469 1183 2532 αλλ’
1203 2468 1372 2550 ἕναπὲμει-

275 2593 328 2636 νεν
346 2565 418 2651 ἔξω,
446 2566 490 2646 ὥς
510 2565 555 2652 μὴ
575 2569 766 2652 ἐνδέχεσθαι
782 2562 840 2651 την
860 2565 953 2646 α”ξίαν
975 2565 1075 2630 αότοῦ
1100 2568 1307 2651 εῖσέρχεσῦαι
1334 2567 1371 2632 ἓν

275 2677 343 2747 ταῖς
360 2672 491 2753 δοχαῖς,
515 2659 537 2750 ἢ
557 2662 637 2732 κατά
659 2666 827 2751 ῦοτέρησιν
848 2667 1050 2747 ἐναπέμεινεν
1069 2661 1149 2747 ἔξω,
1175 2659 1371 2748 ἔξέρχεταιῦ

274 2764 479 2856 πραιπόσιτος
497 2768 555 2832 καί
570 2761 689 2850 εἰσάγει
715 2763 830 2849 αῦτόν,
857 2772 994 2866 celsinae
1014 2766 1050 2830 δὲ
1068 2766 1184 2850 μέχρις
1207 2758 1248 2830 όν
1269 2767 1405 2834 aaroni

311 2936 350 2990 ιγ.
370 2915 584 2975 α’νδυπιιτῖκιον
602 2920 640 2984 li,
661 2915 864 2974 άνδοπατικδν
882 2918 940 2970 cod.
960 2924 988 2971 ct
1004 2917 1047 2971 εδ.
1088 2921 1127 2975 rs.
1145 2914 1307 2989 άπάγοντες
1324 2918 1367 2972 εδ

273 3052 383 3106 Deinde
400 3053 492 3105 velum
510 3055 524 3106 1
546 3053 602 3105 sire
621 3054 782 3124 magistros,
799 3053 848 3124 qni
876 3055 985 3117 omnia,
1003 3060 1036 3105 ut
1052 3069 1111 3105 mos
1132 3059 1188 3118 est,
1205 3053 1367 3123 perficiunt:

274 3125 376 3176 iterum
407 3139 545 3192 egressus,
571 3123 663 3175 velum
688 3125 730 3187 11,
756 3123 888 3191 patricios
916 3131 946 3175 et
962 3132 1108 3194 strategos,
1127 3131 1273 3195 ceteraque
1290 3127 1369 3189 vela,

275 3192 434 3246 demarchos
452 3209 564 3265 quoque
584 3200 612 3244 ct
629 3193 784 3244 scholarum
809 3194 942 3246 vicarium
969 3193 1091 3246 addiscit
1126 3195 1156 3248 Si
1174 3210 1239 3246 vero
1256 3195 1367 3248 futurus

272 3263 421 3334 proconsul
439 3263 469 3314 in
487 3263 661 3333 procesiione
688 3279 744 3316 non
763 3264 901 3330 ingressus
920 3270 975 3328 est,
993 3265 1152 3334 praeposito
1170 3267 1258 3320 nocito
1276 3267 1367 3336 Impo-

272 3341 348 3386 rator
365 3348 466 3386 nomen
484 3329 663 3402 promovendi
682 3333 767 3395 dicit,
793 3333 840 3386 hie
857 3335 1066 3399 cerimoniurio,
1084 3337 1133 3408 qui
1151 3335 1242 3405 ipsum
1261 3337 1321 3388 cxci
1342 3338 1367 3387 i-

273 3421 339 3469 ens,
358 3411 489 3472 utsupra
509 3403 543 3454 de
560 3403 718 3472 praeposito
737 3403 911 3456 observatum
929 3410 989 3468 eet,
1013 3421 1103 3457 coram
1122 3406 1268 3475 praesectis
1287 3353 1367 3458 enli-

272 3475 328 3526 euli
347 3474 461 3538 statuit,
481 3480 510 3524 et
525 3490 695 3543 purpureum
714 3476 926 3544 quaternionem
949 3475 1112 3545 Imperatori
1131 3476 1231 3529 tradit:
1249 3477 1368 3529 cerimo-

270 3545 376 3599 niarius
395 3559 460 3597 vero
480 3559 540 3594 cum
560 3543 713 3596 silentiario
732 3561 796 3596 eum
814 3545 845 3597 iu
863 3553 1039 3614 conspectum
1057 3548 1234 3617 Imperatoris
1252 3546 1366 3604 ductum

270 3614 385 3666 adorare
403 3613 543 3684 pedesque
564 3621 592 3665 et
610 3613 697 3686 gcuu‘a
715 3617 774 3666 eius
793 3616 913 3668 oseulari
930 3615 1036 3669 iubent.
1073 3619 1169 3670 Postea
1187 3618 1223 3668 ab
1241 3620 1367 3688 impera·

270 3692 331 3738 tore
353 3699 522 3756 purpureum
542 3684 753 3755 quaternionem
779 3703 828 3740 scu
859 3688 1068 3756 proconsulares
1092 3689 1251 3752 codicillos,
1268 3702 1366 3740 manus

270 3757 331 3808 eins
350 3755 494 3819 urridens,
519 3755 630 3824 recipit,
655 3763 683 3808 et
701 3756 909 3809 ita'retrorsum
927 3757 1079 3810 abductum
1116 3759 1147 3811 in
1164 3760 1258 3811 medio
1277 3759 1366 3810 eollo·

269 3834 344 3885 eant.
388 3825 490 3880 Omnes
513 3841 578 3876 vcro
602 3826 633 3876 in
656 3829 831 3897 processione
859 3827 975 3896 ingressi
993 3829 1136 3881 solennem
1154 3829 1364 3892 adorationem,

270 3907 402 3968 utsupra
421 3895 454 3946 de
472 3897 646 3964 promotione
673 3899 851 3967 patriciorum
870 3896 975 3950 dictum
995 3907 1050 3965 est,
1068 3899 1211 3960 exhibent.
1246 3899 1366 3972 (11.)si

269 3984 334 4022 vero
351 3965 553 4038 promovendus
580 3967 609 4016 in
631 3983 732 4052 pompa
758 3969 896 4038 ingressus
914 3984 973 4019 non
991 3977 1047 4032 est,
1064 3969 1113 4021 sed
1131 3971 1199 4022 loris
1216 3971 1366 4032 remansit,

200 4100 203 4110 Ι
268 4037 346 4110 quod
362 4039 394 4090 in
411 4052 511 4107 pompa
529 4037 632 4088 intrare
651 4053 740 4090 marus
765 4047 808 4091 est
838 4054 921 4111 quam
939 4056 989 4109 pro
1009 4041 1069 4092 eius
1087 4041 1237 4110 dignitate,
1255 4048 1306 4094 aut
1322 4041 1365 4102 si,

268 4109 337 4181 quis
354 4109 490 4184 posterior
508 4105 606 4162 ordine
623 4115 675 4178 est,
692 4109 761 4164 loris
779 4106 922 4176 substitit,
939 4123 1063 4180 egressus
1079 4111 1214 4183 patricius
1232 4125 1296 4167 eum
1313 4109 1365 4164 ssl-
