3042 4825
273 204 361 291 306
487 221 759 293 cous‘rsurrm
790 216 1156 287 romnmounurs

273 394 357 452 κεῖσε
381 380 620 468 δηριγευδμενος
642 378 662 445 d
684 374 855 461 βασιλεύς,
888 372 993 442 έλθοδν
1013 378 1142 440 ἵσταται
1168 376 1203 439 έν
1232 374 1278 462 τῷ
1300 398 1376 459 τρο-1

273 485 384 574 κλίνιμ,
415 486 450 547 έν
474 472 500 571 ᾧ
523 482 641 569 άριστᾷ
656 482 696 567 τῇ
714 478 800 566 αύτῇ
820 476 946 566 ήμέρρι,
981 478 1037 541 καί
1054 471 1250 549 εἰσελθόντες
1268 478 1372 539 osi-es·

244 584 390 669 οτιάρισι
412 572 536 666 τρεῖςή
559 582 617 670 καί
636 580 807 663 τέσσαρες,
846 573 877 640 οῖ
899 577 959 657 μὲν
976 584 1060 660 τρεῖς
1076 573 1258 656 διέρχονται
1274 574 1310 637 έν
1325 574 1372 661 τῷ

272 685 365 770 δεξιῷ
384 684 477 766 μέρει
496 681 554 763 τής
575 680 672 763 δσχής
699 670 851 757 ὄπισθεν,
887 674 963 739 ὄδέ
986 679 1093 760 έτερος
1121 674 1249 738 ἵσταται
1272 675 1308 737 ἐν
1326 670 1371 759 τῷ
1429 666 1434 677 '

129 785 369 869 κπηςιμέσιγ.
410 776 519 862 λαβών
549 780 586 842 δὲ
610 780 714 859 νεύμα
744 774 762 841 ὃ
789 776 998 863 πραιπύσιτος
1015 771 1104 860 παρά
1125 774 1180 839 τοῦ
1202 772 1391 854 βασιλέως,5

270 883 386 946 δι’δωσι
408 880 511 960 νεύμα
532 880 578 966 rigi
594 875 820 964 σιλεντιαρέρι,
857 874 874 941 δ
896 876 931 939 δέ
956 870 1168 959 σιλεντιάριος
1193 866 1371 955 ἀπέρχεται

268 984 306 1047 ἐν
324 984 370 1068 τρῖ
388 976 486 1064 βήλιρ,
510 975 566 1041 καί
587 979 670 1059 λέγει
684 974 830 1059 μεγάλως
852 973 987 1057 ,,λεβα’·”
1029 970 1085 1037 καί
1103 972 1221 1053 εἰσάγει
1240 966 1295 1035 τδν
1314 971 1372 1053 τῆς

270 1076 501 1157 καταπόσεως,
532 1077 588 1140 καί
607 1078 734 1140 ἵσταται
751 1077 850 1155 μέσον
870 1076 927 1158 τῆς
947 1075 1045 1158 δοχῆς
1051 1123 1061 1153 ,
1089 1069 1196 1152 λαβών
1216 1071 1252 1134 δὲ
1273 1066 1371 1133 πάλιν

270 1179 373 1258 νεῦμα
391 1175 409 1239 δ
430 1172 636 1260 πραιπδσιτσς
656 1170 743 1260 παρά
765 1176 822 1239 τού
841 1174 1008 1256 βασιλέως,
1031 1169 1116 1236 νεύει
1131 1172 1176 1257 τῷ
1193 1166 1370 1256 μαγάιτριμ,

268 1276 314 1362 μή
335 1268 425 1350 ὄντος
446 1276 482 1339 δέ
499 1276 684 1359 μαγίστρου,
712 1272 798 1338 νεύει
819 1274 863 1360 τῷ
885 1274 1077 1357 κοιαίστωρι.
1121 1270 1223 1333 ἰστέον
1241 1269 1287 1347 δὲ,
1305 1262 1415 1347 deuio

268 1377 301 1440 εἰ
314 1378 375 1457 μὲν
397 1370 415 1437 ὅ
437 1369 583 1457 ύπαρχος
600 1373 660 1436 τού
677 1373 877 1457 πραιτωρίου
897 1370 952 1435 καί
979 1368 1187 1458 ύκοιαίστωρ
1218 1358 1277 1431 ούκ
1305 1366 1370 1431 εἰσι

268 1472 449 1560 πατρίκιοι,
480 1470 619 1558 πρὸτῆς
643 1471 819 1555 συγκλήτου
841 1470 923 1535 ἴδιον
938 1473 1035 1555 βήλον
1055 1468 1268 1551 εἰσέρχονται·
1310 1470 1371 1547 λα«ι

267 1571 335 1656 βων
353 1572 414 1658 γάρ
431 1574 535 1652 νεῦμα
550 1567 567 1633 δ
584 1568 765 1654 μάγιστρος,
790 1568 876 1634 νεύει
891 1569 989 1651 λέγων
1003 1568 1047 1655 τῷ
1067 1569 1124 1651 τῆς
1144 1563 1370 1641 καταστάσεως

266 1672 457 1757 ,,κύμητες,”
479 1669 619 1745 κάκεῖνος
638 1666 788 1732 taeitos
810 1670 894 1751 λέγει
914 1666 1048 1750 „topini”
1088 1666 1143 1729 καί
1169 1665 1373 1748 εἰσέρχονται

234 1768 300 1842 1)σὶ
317 1772 374 1853 τής
394 1767 588 1851 συγκλήτου,
622 1765 895 1853 προσκυνήσαντες
923 1768 959 1831 δέ
985 1768 1127 1831 ἵστανται
1153 1766 1285 1840 ἕκαστος
1305 1756 1410 1829 nri-15

263 1870 328 1933 τάν
356 1870 391 1931 έν
420 1868 461 1953 τῇ
487 1864 576 1942 τάξει
603 1866 727 1929 αύτῶν·
769 1861 839 1930 εἰτα
867 1864 954 1930 νεύει
982 1862 1078 1929 πάλιν
1106 1862 1124 1927 δ
1146 1860 1298 1947 βασιλεύς
1319 1864 1365 1951 τῷ

262 1963 478 2053 πραιπσσιτρι,
500 1962 519 2027 o‘
541 1967 577 2028 δέ
598 1961 808 2049 πραιπύσιτος
828 1966 873 2051 τῷ
892 1967 1075 2052 μαγέστριρ,
1098 1959 1115 2026 ὅ
1138 1966 1174 2027 δὲ
1193 1962 1368 2046 μάγιστρος

262 2064 348 2130 νεύει
368 2062 404 2129 τὸ
426 2066 571 2148 δεύτερον
590 2066 636 2152 τῷ
655 2065 713 2147 τῆς
732 2062 966 2144 καταστάσεως,
996 2068 1095 2145 λέγων
1117 2062 1366 2149 ,,προφέκτωρ·”

263 2156 405 2240 κάκελζνος
425 2164 471 2239 εἰς
488 2160 525 2225 τδ
546 2166 645 2247 βήλσν
665 2160 816 2226 (insitivis
837 2163 920 2244 λέγει
943 2163 1078 2243 ,,λεβο“ι,”
1107 2165 1164 2225 καί
1189 2162 1367 2246 εἰσέρχεται

263 2256 366 2327 ύάπὸ
389 2263 557 2347 ἐπάρχων·
597 2259 820 2347 προσκυνήσας
841 2264 878 2325 δέ
899 2262 954 2325 κατ’
973 2257 1086 2341 αύτδς,
1119 2260 1249 2324 ἵσταται
1268 2262 1305 2325 έν
1324 2266 1409 2348 spiro

262 2359 348 2440 τάξει
371 2360 482 2426 αύτού.
524 2354 594 2426 εἶτα
614 2356 699 2424 νεύει
720 2356 737 2424 ὃ
757 2356 912 2442 βασιλεύς
931 2360 974 2448 τῷ
994 2356 1203 2448 πραιποσίτιρ,
1224 2356 1367 2435 κοίκεῖνος

263 2465 309 2551 τῷ
328 2464 385 2546 τής
404 2458 639 2541 καταστάσεως,
661 2457 718 2525 καί
737 2462 819 2542 λέγει
840 2455 1069 2538 ,,κελεύσατε·”
1093 2457 1190 2523 αύτοί
1208 2459 1245 2522 δέ
1265 2458 1367 2542 άπερ-

114 2561 412 2647 Ειλλλιγςεύχονται
447 2560 514 2641 ,εἰς
542 2556 680 2635 πολλούς
708 2555 764 2622 καί
796 2553 941 2642 άγαδούς
966 2555 1130 2641 χρόνους.”
1182 2557 1266 2644 (Δ.)
1296 2554 1369 2620 Καί

260 2661 383 2745 εύδέως
403 2653 574 2741 καταοχάν
595 2657 614 2720 δ
636 2660 694 2742 τής
712 2655 938 2733 καταστάσεως
965 2653 1001 2719 τύ
1024 2649 1121 2740 ἄκρον
1141 2659 1195 2741 τῆς
1216 2654 1366 2737 ’χλανίδος

261 2763 321 2826 τού
338 2762 497 2843 βασιλέως
517 2761 573 2822 καί
592 2757 727 2842 ποιήσας
747 2755 941 2856 ρωσθέλιον,
976 2755 1142 2820 ἐπιδίδωσι
1163 2756 1207 2846 τῷ
1226 2758 1407 2838 fluertem

333 2927 357 2962 ο.
375 2909 556 2963 stolidorum
575 2907 619 2960 ed
694 2911 734 2962 re.
753 2903 806 2962 τδν
825 2907 875 2973 τῆς
892 2923 952 2960 κατ.
973 2903 1032 2957 cod.

265 3053 428 3110 transeunt,
455 3063 527 3098 nnus
554 3048 585 3099 in
607 3043 699 3100 medio
726 3045 859 3098 consistit.
896 3044 1010 3114 Signum
1030 3042 1065 3094 ab
1094 3045 1263 3112 Imperatore
1288 3051 1366 3114 post·

266 3134 348 3188 quam
370 3118 542 3187 praepositus
558 3118 681 3187 accepit,
707 3117 861 3168 silentiario
882 3114 1000 3178 annuit,
1024 3114 1072 3184 qui
1093 3113 1128 3164 nd
1146 3113 1238 3165 reiusn
1257 3113 1365 3184 digres-

266 3205 328 3251 sos,
350 3204 446 3257 magna
474 3203 539 3238 soce
563 3188 680 3239 clamat:
707 3187 802 3250 ιευα,
830 3194 858 3238 et
877 3185 1098 3238 cerimoniurium
1117 3182 1247 3248 adducit,
1276 3185 1363 3256 inque

265 3257 358 3311 medio
376 3257 503 3310 tortionis
522 3259 655 3321 collocat,
673 3259 830 3329 iterumque
849 3259 926 3328 signo
946 3256 980 3307 ab
999 3255 1165 3324 imperatore
1184 3254 1259 3317 dato,
1279 3271 1362 3324 prue-

266 3331 372 3397 positus
395 3330 524 3397 magistro
548 3329 662 3392 annuit,
691 3336 756 3390 aut,
789 3328 812 3379 si
837 3329 860 3378 is
890 3343 1018 3396 praesens
1044 3333 1178 3387 nonest,
1212 3327 1361 3394 quaestori.

266 3398 375 3469 Quodsi
400 3415 465 3451 vero
483 3399 639 3468 praefectur
657 3399 797 3468 praetorio
819 3406 847 3449 et
867 3405 994 3468 quaestor
1012 3395 1121 3464 patricii
1139 3412 1195 3446 non
1214 3397 1281 3459 sint,
1297 3403 1362 3448 ante

265 3479 391 3522 senatum
417 3471 559 3538 proprium
577 3469 667 3520 seium
683 3468 892 3540 ingrediuntur:
916 3467 1043 3537 magister
1061 3481 1192 3538 quoque,
1217 3467 1295 3536 signo
1313 3483 1361 3517 οε-

265 3547 365 3606 cepto‚
383 3540 576 3592 cerimoniario
594 3557 734 3602 annuens,
754 3538 838 3592 dicit:
860 3539 995 3600 Comites,
1015 3538 1093 3608 isque
1107 3536 1286 3599 discessurus,
1306 3539 1360 3588 εἰει

262 3609 349 3665 Levu.
386 3611 530 3663 Senatores
555 3612 688 3679 inpressi,
714 3607 849 3672 adorant,
874 3625 978 3682 suoque
998 3607 1100 3678 singuli
1122 3606 1219 3660 ordine
1241 3607 1361 3659 adstant.

262 3683 363 3732 Rursus
387 3683 539 3750 imperator
558 3683 734 3752 praeposito,
754 3680 776 3731 is
797 3683 943 3748 magistro,
969 3679 1098 3748 magister
1121 3680 1223 3730 iterum
1245 3677 1361 3731 cerimo-

261 3752 352 3804 niurio
371 3753 478 3820 signum
498 3750 561 3815 dut,
586 3759 614 3804 et
636 3751 721 3804 dicit:
739 3751 888 3824 Praefecti.
925 3751 961 3802 ts
983 3751 1006 3802 is
1027 3750 1056 3800 in
1073 3749 1164 3800 velum
1188 3749 1359 3820 procedens,

261 3819 348 3873 dicit:
376 3825 469 3885 δευο,
488 3839 543 3893 quo
560 3824 647 3885 sacto,
666 3839 699 3874 ex
720 3823 854 3875 raeiectus
872 3825 971 3884 intrat,
991 3825 1036 3883 et,
1055 3829 1201 3890 postquem
1220 3818 1358 3882 adoravit,

260 3892 291 3944 in
309 3892 406 3946 ordine
426 3911 474 3944 suo
499 3892 596 3946 adstat
634 3841 749 3946 Postdso
759 3893 918 3962 praeposito
935 3894 1102 3960 Imperator,
1122 3891 1293 3960 praepositus
1310 3907 1359 3941 ce·

261 3963 421 4016 rimoniario
438 3964 550 4027 annuit,
589 3965 617 4015 ui
634 3963 717 4016 dicit:
738 3962 851 4023 lutere,
869 3963 927 4014 iiii:
951 3962 987 4014 Ια
1005 3963 1092 4014 multa
1107 3961 1235 4030 δοποροε
1253 3974 1357 4032 tempo·

260 4049 295 4085 ro
318 4043 362 4088 etc
384 4035 541 4086 scciomont.
569 3982 662 4105 div.)
682 4035 781 4087 Statim
797 4035 1021 4092 cerimoniurius‚
1051 4029 1248 4102 comprehensa
1265 4033 1356 4101 Impe-

260 4106 358 4159 ratoris
374 4106 483 4171 tunica,
502 4103 684 4159 rhosthelium
701 4105 785 4169 iacit,
804 4103 889 4176 idque
905 4103 970 4156 iruic
990 4101 1083 4167 tradit,
1102 4111 1150 4168 ut,
1169 4099 1269 4156 throno
1286 4119 1354 4156 con·
