3042 4825
251 247 329 307 112
446 241 717 312 CONSTANTINI
752 240 1125 311 ronrnmocfflm

156 425 160 440 ¹
245 391 464 482 ἇσπασάμενοι
485 399 677 486 ἀπέρχονται
707 396 765 466 καί
790 401 935 466 ἵστανται
965 400 1000 465 δν
1018 400 1064 486 τῷ
1084 389 1168 484 οδδήί
1187 393 1250 460 τοῖν
1268 392 1330 479 βα·

244 502 372 588 σιλικῷν
392 501 518 580 πυλιὸν,
550 501 607 563 καί
631 495 739 581 λαβών
766 493 880 586 κηροδς
905 497 992 583 παρά
1013 500 1069 562 τοῦ
1088 487 1336 582 πραιποσιτουὸ

246 595 410 678 βασιλεύς,
431 587 560 677 εὔχεται
580 597 689 678 ἐκεῖσε,
711 595 727 662 o‘
748 598 784 663 δὲ
804 595 1003 682 πατριάρχης
1023 597 1144 661 ἐκτελεῑ
1158 591 1216 679 τήν
1236 588 1335 676 εὐχήν

194 677 201 698 ¹
248 699 305 780 τής
325 695 448 758 εἰσόδου
469 697 525 777 τῆς
545 696 637 769 θείας
655 699 860 781 λειτουργίας.
887 691 1058 776 εὐξάμενος
1078 696 1114 757 δὲ
1135 688 1152 756 ὅ
1172 688 1332 774 βασιλεδς,

212 795 412 860 Ῑλέπιδιδοισι
430 791 502 870 τούς
522 790 638 878 κηροδς
663 797 706 882 τῷ
727 797 942 882 πραιποσιτιρ,
975 793 1116 868 κάκεῖνος
1135 793 1254 881 τῷ·ιῆς
1273 798 1354 866 ιτα-5

243 889 433 972 ταστάσεοις,
455 892 511 956 καί
528 893 712 968 τελέσαντος
730 896 790 956 τοῦ
806 893 1007 978 πατριάρχου
1027 889 1084 976 τήν
1104 885 1215 974 εὐχήν,
1235 912 1336 976 προσ-

244 999 336 1058 κυνεῖ
359 990 378 1055 δ
398 987 549 1074 βασιλεῦς
575 987 611 1056 τὸ
639 981 798 1078 άχραντον
827 991 1008 1075 εὐαγγέλιον
1054 987 1110 1055 καί
1147 987 1201 1055 τὸν
1229 991 1336 1071 τίμιον

244 1087 401 1175 σταορδυ,
433 1089 487 1155 καί
505 1089 730 1172 ἐπιλαβόμενος
750 1093 808 1174 τῆς
824 1088 934 1177 χειρὸς
961 1093 1020 1155 τοῦ
1038 1089 1241 1175 πατριάρχου
1278 1088 1338 1152 κατ’

243 1188 485 1276 δηριχτυόμενος
504 1187 567 1253 άπὸ
589 1192 653 1254 τάν
672 1189 905 1276 προειρημένων
917 1188 1051 1272 πάντων,
1073 1191 1252 1276 διέρχονται
1271 1186 1338 1270 άμ-

245 1285 375 1376 φότεροι
392 1288 490 1368 μέσον
512 1283 567 1353 διά
588 1290 645 1353 τοῦ
665 1291 746 1354 ναοῦ
766 1286 822 1353 καί
848 1285 903 1353 διά
923 1289 979 1375 τῆς
1000 1289 1105 1366 δεξιάς
1124 1285 1259 1370 πλαγίας
1277 1282 1378 1356 codro

246 1380 412 1470 ἔμβωνος,
444 1385 641 1472 εἰσέρχονται
662 1383 854 1474 α’μφάτεροι,
885 1379 914 1469 ὅ,
930 1411 966 1451 τε
985 1385 1136 1470 βασιλεῦς
1163 1385 1253 1452 auid
1276 1409 1339 1449 πα-

244 1484 413 1574 τριάρχης,
433 1485 467 1550 ἐν
491 1488 530 1574 τῇ
550 1487 652 1577 σοολέη
675 1489 731 1552 καί
749 1485 780 1551 οἱ
800 1481 954 1572 ἄρχοντες
973 1490 1033 1552 τοῦ
1047 1489 1288 1570 κουβουκλειλιυ,
1307 1480 1339 1548 οἶ

157 1593 161 1608 ’
248 1585 284 1650 δὲ
310 1584 418 1650 λοιποί
443 1584 593 1665 μένουσιν
625 1581 685 1666 δξῳ
710 1588 766 1670 τῆς
789 1588 910 1660 σουλίας
936 1581 1068 1663 ἑστῶτες
1086 1578 1179 1651 ἔνθεν
1205 1583 1338 1654 κάκεΐσι.

108 1689 157 1746 Ed
165 1687 195 1746 h.
204 1689 237 1764 67
246 1679 389 1760 ἐλθόντες
407 1683 446 1778 Ιδὲ
464 1685 562 1768 μέχρι
585 1685 649 1748 τῶν
670 1681 769 1766 tyrus
788 1684 910 1768 θυρῶν,
939 1680 956 1747 δ
977 1685 1037 1766 μὲν
1056 1681 1255 1769 πατριάρχης
1272 1681 1340 1745 εἰσ-

245 1783 377 1868 έρχεται
396 1781 440 1858 είς
458 1781 494 1846 τὸ
512 1777 760 1865 θυσιαστήριον,
790 1777 870 1864 δ’,τε
890 1778 1043 1864 βασιλεδς
1069 1783 1198 1847 ἵσταται
1217 1776 1377 1864 duppe-15

246 1885 326 1948 σθεν
345 1881 408 1946 τῶν
429 1878 526 1962 άχίων
542 1879 664 1964 θυρῶν,
684 1881 739 1942 κατ’
759 1874 847 1962 ἅψας
868 1878 982 1967 κηροδς
1002 1872 1132 1963 εὔχεται
1152 1878 1208 1943 καί
1234 1876 1338 1941 ἐπιδί-

247 1980 345 2044 δωσιν
371 1973 491 2051 αδτοδς
521 1977 566 2064 τῷ
593 1979 807 2067 πραιποσίτιρ,
836 1979 892 2044 καί
916 1976 1134 2065 προσκυνήσας
1160 1973 1215 2052 τάς
1244 1976 1338 2061 άχίας

246 2074 371 2162 θήρας,
396 2073 573 2160 εἰσέρχεται
601 2076 647 2151 εἰς
673 2072 710 2139 τὸ
738 2079 967 2162 θυσιαστήριον
999 2075 1056 2141 καί
1083 2082 1257 2162 προσκυνεῖ
1278 2072 1338 2159 τήν

116 2176 346 2260 Μαδατιάγίαν
378 2172 537 2260 τράπεζαν
569 2175 625 2238 καί
652 2175 832 2260 ἐπιτίθησιν
861 2178 910 2240 ἐπ’
938 2168 1022 2262 αι’τῇ
1041 2172 1252 2257 α’ποκόμβιον,
1282 2179 1339 2242 καί

246 2269 384 2352 ἐξελθών
413 2273 448 2336 ἐκ
478 2275 536 2336 τοῦ
562 2274 815 2355 θυσιαστηρίου,
854 2272 1097 2360 δηριγευόμενος
1124 2271 1187 2340 sint
1212 2275 1276 2339 τῶν
1302 2275 1379 2353 ἑξτο

247 2371 362 2457 ἔθους,
390 2372 550 2457 διέρχεται
575 2368 629 2436 διά
649 2373 706 2437 τοῦ
727 2371 833 2451 δεξιοῦ
844 2376 963 2457 μέρους
979 2375 1037 2438 τοῦ
1055 2374 1134 2439 ναοῦ
1161 2370 1217 2438 καί
1245 2372 1342 2461 άνέρ·

246 2500 340 2560 χεται
361 2469 417 2537 διά
437 2476 495 2536 τοῦ
515 2472 744 2559 προειρημένου
775 2475 906 2554 κοχλιοῦ
926 2472 962 2537 ἑν
981 2479 1048 2549 τοῖς
1067 2475 1341 2557 κατηχουμενάιις,

248 2578 304 2641 καί
332 2568 479 2637 &setteis
507 2576 595 2636 τελεῖ
618 2573 652 2636 ἑν
687 2572 733 2659 τῷ
762 2572 930 2658 εἰθισμένη)
958 2567 1043 2659 τόπερ
1071 2568 1130 2656 τήν
1156 2573 1248 2635 θείαν
1275 2577 1341 2635 λεο-

247 2669 406 2758 τουργίαν.
457 2671 525 2757 (A.)
555 2666 626 2735 Kal
644 2670 687 2733 ἐν
701 2671 745 2757 cpi
766 2670 867 2755 καιρῷ
886 2670 941 2751 τῆς
968 2670 1059 2745 θείας
1079 2668 1244 2744 κοινωνίας
1261 2663 1342 2734 dno-

248 2771 370 2842 στέλλει
390 2766 407 2834 ὅ
429 2760 713 2876 πραιπόσιηρςάπὸ
726 2764 897 2842 κελεάσεοος
909 2769 1153 2854 σιλιντιαριους,
1172 2764 1227 2833 καί
1239 2768 1381 2854 προσ-25

322 2925 343 2961 ι.
362 2904 394 2958 tr
410 2904 443 2975 τῇ
461 2900 519 2973 cept
540 2902 583 2957 ed.

247 3024 300 3079 cha
317 3038 412 3093 preces
433 3023 563 3075 introitus
581 3020 692 3076 divinae
728 3023 857 3093 liturgiae
877 3022 978 3076 fundit.
1013 3024 1177 3094 Imperator,
1194 3027 1339 3093 postquem

248 3100 374 3165 precatus
389 3100 446 3154 est,
464 3110 557 3144 cereos
575 3094 751 3161 praeposito,
771 3092 819 3145 hic
844 3096 1052 3146 cerimoniarum
1072 3096 1218 3161 magistro,
1239 3092 1339 3156 tradit,

250 3174 280 3217 et
293 3171 438 3234 postquam
453 3159 605 3231 patriarcha
620 3178 715 3233 preces
743 3164 847 3226 linivit,
864 3165 1013 3233 Imperator
1033 3172 1232 3215 sacrosanctum
1255 3179 1336 3215 evau-

268 3234 352 3285 elium
383 3249 415 3283 ae
435 3232 616 3284 venerendam
651 3248 757 3285 crucem
781 3233 892 3287 adorat:
919 3250 1056 3304 manuque
1079 3232 1249 3303 patriarchae
1295 3249 1340 3285 re·

232 3252 345 3365 ,hensa
364 3310 393 3354 ct
423 3301 457 3353 ab
488 3302 615 3354 omnibus
636 3312 701 3356 ante
734 3301 816 3355 dictis
838 3303 947 3372 stipati,
972 3322 1022 3373 per
1051 3304 1174 3356 medium
1203 3250 1340 3371 templum

250 3382 279 3426 et
292 3372 420 3426 dextrum
440 3371 564 3423 ambonis
580 3372 652 3425 latus
670 3373 797 3441 digressi,
822 3376 949 3445 utrique,
982 3376 1132 3443 Imperator
1164 3380 1193 3424 et
1217 3373 1339 3442 patrisn-

251 3442 311 3507 αλια,
331 3443 433 3496 soleam
451 3443 566 3494 intrant:
582 3442 708 3496 cubiculo
730 3453 823 3497 autem
833 3444 967 3513 praefecti
979 3461 1011 3496 ac
1024 3445 1125 3514 reliqui
1139 3451 1215 3495 extra
1235 3443 1338 3495 soleam

252 3516 382 3585 utrinque
399 3510 552 3575 adstantes,
570 3522 690 3567 manent.
726 3515 870 3584 Postquam
892 3528 955 3565 vero
981 3513 1116 3567 adsueras
1135 3513 1338 3585 ianuaspcrse·

251 3600 338 3648 nere,
355 3582 511 3653 patriarcha
530 3583 677 3635 sacrarium
695 3587 798 3646 intrat,
816 3585 965 3651 Imperator
983 3585 1018 3638 ad
1036 3592 1141 3638 sanetas
1157 3586 1252 3639 ianuas
1270 3582 1338 3634 suh-

250 3656 339 3717 sistit,
358 3652 486 3705 obicum
505 3654 625 3706 accensis
645 3658 730 3707 cercis
749 3663 897 3723 precatur,
921 3657 1016 3727 eisque
1040 3657 1195 3723 praeposito
1213 3652 1340 3717 redditis,

250 3739 337 3775 sacras
358 3724 452 3775 ianuas
467 3723 578 3786 adorat,
603 3732 698 3793 postea
723 3726 870 3777 sacrarium
897 3726 997 3788 intrat,
1021 3725 1246 3796 flexoque-gerru
1273 3740 1340 3776 san-

251 3803 322 3847 ctam
339 3792 459 3845 tabulam
471 3801 623 3855 veneratus,
644 3794 670 3847 ci
687 3796 878 3866 apocombium
888 3795 1015 3864 imponit,
1034 3803 1063 3847 et
1080 3812 1096 3847 c
1116 3797 1230 3846 sacrario
1248 3809 1340 3915 Ἤτοι-

251 3881 296 3917 sus
304 3901 315 3926 ,
340 3880 401 3915 cum
426 3864 532 3915 solenni
558 3864 688 3917 comitatu
721 3883 770 3935 per
804 3865 928 3918 dextrum
964 3865 1062 3936 templi
1088 3864 1161 3919 latus
1188 3865 1263 3934 ‹ligrc
1284 3866 1342 3917 itur

149 3930 157 3943 ¹
271 3950 354 4004 esque
373 3932 476 3985 dictam
488 3932 625 3987 cochleam
644 3936 679 3987 ad
697 3936 837 3989 catechum
855 3952 891 3987 na
909 3936 969 3989 abit
986 3944 1016 3989 et
1041 3936 1124 3991 sollte
1141 3936 1202 3987 loce
1220 3942 1341 3986 sanctam

249 3952 317 4057 litur
336 4004 390 4055 iam
407 4002 536 4055 celehrut.
570 4004 641 4075 (IV.)
658 4006 793 4075 Tempore
810 3953 899 4061 ιτᾉε
920 4008 1119 4061 communionis
1136 4006 1307 4076 praepositus
1323 4020 1341 4056 a

249 4022 379 4127 mandato
397 4073 563 4127 silentiarios
579 4074 674 4139 mittit,
693 4078 742 4146 qui
760 4069 940 4147 patriercham
959 4077 1100 4145 advocant3
1118 4078 1142 4130 is
1159 4094 1209 4147 per
1226 4074 1341 4127 eandem

251 4142 569 4209 conclamauerant,
595 4162 701 4219 perque
719 4146 912 4227 catechumena
929 4147 1088 4221 digressus,
1105 4146 1142 4203 ad
1163 4148 1255 4205 locum
1270 4163 1340 4204 con·
