3042 4825
290 193 346 256 on
381 189 577 256 carmon.
608 187 745 254 ronan
773 187 944 256 arnna.
963 193 1005 255 ιι.
1025 192 1077 265 sa„
1167 165 1251 281 775

1 377 28 412 rs
152 345 218 432 γῆς,
238 346 296 410 κατ’
310 349 499 432 τελουμένης
519 349 574 433 τῆς
594 345 682 432 ίερᾶς
702 347 909 431 λειτουργίας,
929 347 1116 430 προτίθεται
1135 344 1255 432 κλητοί·

153 467 225 530 ριον
243 448 286 532 τῷ
306 451 438 529 βασιλεῖ
453 446 509 513 int
528 447 708 530 ἀποκοπτῆς
735 447 909 530 τραπέζης,
935 445 993 514 καί
1015 448 1218 512 συνεστιᾶται
1237 444 1255 511 ὅ

151 543 351 630 πατριάρχης
383 547 426 634 τῷ
452 550 603 629 βασιλεῖ,
633 546 689 610 καί
713 545 948 627 συγκαλοῦνται
977 544 1024 620 εἰς
1053 547 1254 614 συνεστῶσιν

153 639 239 730 αὐτῷ
260 641 351 729 φιλοι
372 641 435 708 ἀπὸ
461 646 517 729 τῆς
546 641 663 722 τάξεως
695 645 759 718 τῶν
786 646 969 727 μογίστρων
999 639 1057 706 καί
1086 646 1255 729 κατωτέρω
1347 666 1350 671 ’

126 739 230 806 5κατοὶ
252 739 311 826 τήν
339 739 466 812 ἔκθεσιν
494 741 551 810 καί
569 741 604 810 τὸ
627 745 738 830 σχῆμα
756 747 821 809 τοῖν
840 744 1083 829 προλεχθεισιὸν
1109 766 1252 830 περιρα-

152 843 216 906 νῶν
235 841 463 928 reportaturus.

572 987 612 1042 Ἦ
630 988 818 1055 nevernensi.
1259 987 1282 1040 C

241 1091 288 1178 Τῇ
309 1091 344 1156 δὲ
366 1089 442 1179 ἆγίη
461 1088 518 1175 τῆς
541 1093 749 1176 πεντηκοστῆς
776 1089 881 1180 ἡμέρη
909 1093 1047 1157 τελεῖται
1067 1095 1254 1179 αροέλευσις

151 1188 232 1253 αατιιΙ
257 1187 313 1255 τὸν
339 1187 437 1254 τύπον
464 1192 519 1275 τῆς
550 1191 608 1254 τοῦ
628 1188 807 1273 σεβασμίου
836 1191 947 1275 ποίσχο
968 1193 1003 1258 έν
1035 1193 1074 1280 τῇ
1096 1190 1170 1280 οἶμἠι
1192 1195 1254 1257 τοῦ

5 1295 12 1324 ’·
112 1289 242 1354 astarot
269 1293 426 1377 καθολικῇ
454 1289 510 1354 καί
540 1292 731 1378 α’ποστολικῇ
766 1291 932 1382 έκκλησίηι,
978 1295 1036 1356 καί
1065 1295 1254 1378 προτίθεται
1296 1355 1300 1362 ,

152 1389 260 1472 κρᾶμα
282 1389 382 1453 ἐκεῖσε
402 1395 466 1464 τοῖς
485 1391 672 1474 βασιλεῦσι,
701 1389 759 1454 καί
777 1393 1030 1476 προσκαλοῦνται
1051 1390 1082 1456 οῖ
1102 1391 1310 1478 &euripum
1322 1406 1403 1466 asar

151 1488 320 1570 λεχθέντες
341 1487 450 1572 φιλοι.
489 1487 547 1551 καί
571 1487 779 1574 ὑποστροφῆς
805 1490 868 1554 τῶν
893 1492 1064 1592 βασιλέων.
1078 1489 1112 1555 έν
1132 1492 1177 1577 τῷ
1195 1514 1254 1572 μοι

151 1583 236 1674 γᾶληι
256 1591 398 1674 πυλατίηι
418 1584 499 1668 μετοὶ
529 1585 746 1673 προελευσεως
774 1592 962 1673 γενομένης,
1000 1590 1188 1673 προτίθεται
1215 1587 1251 1655 τό

151 1682 318 1767 βασιλικὸν
339 1681 513 1770 κλητοίριον
534 1683 591 1750 ε’πέ
610 1680 789 1772 ἇποκοπτῆς
809 1690 968 1772 τραπέζης
988 1687 1024 1752 έν
1040 1690 1086 1777 sagi
1106 1691 1254 1774 περιβλέ-

114 1793 219 1874 ι5πτιρ
237 1785 466 1852 Ἰουστινιανοῦ
485 1788 652 1874 τρικλίνῳ,
686 1787 744 1850 καί
762 1789 993 1852 συνεστιῶνται
1011 1789 1057 1877 τῷ
1075 1792 1208 1870 βασιλεῖ
1223 1787 1258 1853 οῖ

152 1883 234 1950 κοντοὶ
256 1881 358 1950 τύπον
377 1878 526 1970 ἀνωτέρω
548 1886 715 1967 λεχθέντες
734 1883 842 1972 φιλοι,
878 1881 1080 1969 εἷσαγόμενοι
1105 1889 1164 1950 καί
1180 1889 1253 1965 ἔξα-

151 1980 280 2068 γόμενοι
304 1983 383 2065 μετυλ
413 1985 477 2047 τῶν
517 1984 637 2048 οἰκείων
669 1976 895 2066 ἇλλαξιμάτων
927 1986 1033 2069 χωρίς
1064 1985 1283 2069 χλανιίιλονώ

151 2079 232 2164 μετὰ
265 2084 301 2145 δὲ
330 2079 387 2166 την
413 2075 508 2164 οἷγίσν
533 2083 590 2167 τῆς
624 2084 834 2167 πεντηκοστῆς
860 2081 985 2169 ἡμέραν
1020 2085 1192 2154 έκτελεῖτπι
1218 2083 1253 2148 τὸ

152 2185 309 2262 στέψιμον
327 2182 385 2244 τοῦ
406 2180 575 2245 δεσπότου.
616 2183 659 2268 τῇ
680 2182 717 2246 δὲ
736 2179 849 2268 πρώτη
869 2184 928 2246 τοῦ
950 2186 1067 2248 Μαΐου
1086 2182 1183 2269 μηνὸς
1203 2186 1257 2250 trr-

112 2283 316 2345 aoraiosisras
334 2277 375 2344 τοὶ
397 2280 540 2364 ἐνκαίνια
561 2281 617 2364 τῆς
637 2283 711 2354 νέας
731 2279 908 2365 ἐκκλησίαις,
928 2279 984 2345 καί
998 2284 1139 2348 λιτανίοο
1159 2306 1255 2369 προι-

113 2405 114 2408 ’
152 2377 293 2454 λεέσεως
318 2380 482 2464 γενομένης
512 2372 576 2443 rino*
606 2381 665 2444 rori
694 2381 777 2445 ναοῦ
805 2381 863 2464 τῆς
890 2379 983 2463 ἁγίας
1015 2380 1168 2448 Θεοτόκου
1195 2385 1257 2447 τοῦ

154 2476 278 2566 Φάρου,
299 2486 433 2545 saisitus
453 2478 473 2565 ἤ
490 2482 566 2543 θεία
586 2481 780 2567 λειτουργία,
800 2482 858 2546 καί
874 2482 1065 2576 προτίθεται
1083 2479 1257 2569 κλητοέριον

152 2665 288 2737 ternplum
316 2666 505 2720 sanctissimos
532 2663 659 2721 dominas
685 2671 797 2720 nostrae
813 2663 954 2737 Deiparae
970 2668 1044 2739 pigis
1069 2683 1119 2723 seu
1137 2669 1174 2723 aa
1192 2672 1257 2725 ton-

153 2746 227 2803 tem3
245 2745 412 2807 peractoque
433 2752 509 2790 sacro
527 2736 626 2802 officio,
637 2742 803 2809 proponitur
816 2735 980 2808 imperatori
998 2740 1155 2794 convivium
1172 2759 1256 2813 super

152 2807 296 2881 peculiare
319 2808 435 2871 tabula,
470 2814 499 2859 et
522 2809 682 2861 convivatur
708 2808 865 2879 patriarcha
884 2811 1021 2872 Domino,
1046 2809 1261 2885 invitanturque'

153 2880 190 2933 ad
207 2881 311 2949 pariter
339 2876 541 2931 convivandum
570 2880 651 2931 amici
670 2876 705 2931 ab
731 2879 830 2933 ordine
854 2880 1047 2948 magistrorum
1076 2883 1143 2936 inde
1168 2892 1197 2935 et
1215 2884 1258 2935 sic

152 2966 236 3021 porro
265 2952 387 3001 minores
410 2950 585 3018 magistratus
611 2948 762 3001 secundum
790 2950 917 3021 superius
935 2952 1090 3023 expositam
1108 2954 1256 3008 formulam

153 3018 359 3091 praedictarum
377 3019 588 3091 splendidarum
605 3020 821 3091 processionum.

447 3138 482 3178 Μ
501 3140 654 3209 {mummii
672 3141 746 3179 ἘΙΠΙ
766 3142 951 3181 mimium·

228 3228 329 3281 Sancto
355 3224 401 3280 die
426 3234 599 3296 pentecostes
618 3229 759 3299 peragitur
775 3232 914 3298 processio
932 3228 1083 3283 secundnm
1099 3231 1258 3299 formulam,

156 3314 226 3369 quae
245 3298 290 3350 die
309 3290 477 3351 venerabilis
497 3298 633 3369 paschatis
652 3299 723 3353 sesto
742 3302 918 3365 observatur,
950 3302 981 3351 in
998 3310 1120 3355 sanctam
1139 3304 1257 3359 catholi-

155 3386 215 3421 cam
235 3376 263 3421 et
281 3371 461 3437 apostolicam
484 3370 538 3423 Dei
558 3366 705 3443 [magnam]
727 3370 889 3437 eeclesiam
919 3374 1085 3443 proponitur
1102 3374 1143 3426 ibi
1162 3376 1257 3445 Impe-

154 3440 292 3493 tatoribus
312 3440 445 3505 mixtum3
465 3446 493 3491 ct
511 3442 592 3492 amici
610 3442 694 3511 paulo
714 3449 777 3494 ante
796 3443 863 3494 dicti
881 3443 1034 3496 invitantur
1045 3446 1080 3497 ad
1092 3446 1257 3498 convivium.

155 3512 263 3563 Interea
286 3508 405 3563 redeunt
430 3512 612 3579 Imperatores
638 3514 669 3564 in
698 3530 823 3582 magnum
848 3513 982 3582 palatium
1012 3516 1041 3565 in
1071 3519 1260 3585 processione¹

155 3580 376 3651 proponiturque
396 3598 499 3633 sacrum
519 3584 672 3636 convivium
695 3600 779 3652 super
795 3584 934 3653 peculiare
951 3602 1046 3639 mensa
1061 3587 1091 3639 in
1111 3586 1260 3657 splendido

155 3652 280 3705 triclinio
298 3653 461 3715 Iustiniani,
495 3664 523 3704 et
541 3654 719 3707 convivantur
739 3655 916 3723 imperatori,
952 3673 1020 3727 qnos
1037 3675 1086 3727 par
1103 3667 1146 3712 est
1162 3675 1196 3709 ex
1214 3660 1256 3709 ri-

155 3724 244 3785 tuali,
268 3724 349 3774 amici
369 3740 451 3793 supra
472 3726 625 3788 nominati,
651 3724 803 3779 introducti
822 3734 851 3778 et
868 3726 961 3779 educti
979 3746 1040 3780 cnm
1058 3730 1115 3781 suis
1133 3737 1256 3781 mutato-

161 3794 228 3854 riis,
258 3792 364 3865 absque
385 3794 495 3847 tunicis.
541 3796 604 3847 Post
628 3805 750 3848 sunctum
776 3804 950 3865 pentecosten
976 3799 1077 3851 festum
1101 3799 1258 3852 celebratur

156 3862 258 3915 natalis
280 3868 466 3917 coronationis
485 3864 630 3934 Despotac.
668 3866 756 3919 Primo
774 3866 845 3918 Maii
870 3868 1043 3921 celebrantur
1061 3870 1195 3922 encaenia
1211 3867 1259 3924 vel

158 3932 297 3985 dedicatio
315 3952 402 3989 novae
423 3936 575 4001 ecciesiae3
602 3936 672 3988 sacta
695 3954 729 3988 ue
749 3938 865 3990 solenus
883 3953 945 3991 cnm
963 3942 1049 3991 cereis
1067 3949 1096 3992 et
1114 3941 1258 4011 supplica-

157 4004 283 4057 tionibus
310 4008 487 4073 processione
515 4022 530 4057 e
554 4014 608 4058 tem
631 4008 657 4059 lo
675 3954 705 4059 (i
727 4008 865 4077 Deiparae
882 4008 981 4071 Phari,
1005 4018 1035 4063 et
1061 4017 1121 4063 tum
1145 4018 1256 4079 peracto

158 4088 234 4129 sacro
254 4074 359 4141 officio,
391 4086 585 4150 proponuntur
602 4024 730 4132 lierninis
747 4078 831 4149 dapes
850 4078 1020 4133 iniucunda
1039 4078 1258 4150 chrysotriclino,
