3042 4825
267 156 354 243 300
454 184 726 253 uousrsnuur
755 186 1124 254 romnmocmuu

266 340 353 427 μέρη
371 340 532 405 αἰτεῖσθαι
551 340 610 419 τάς
629 343 789 423 τέσσαρας
807 340 957 427 αίτὴσεις,
978 344 1034 406 καί
1051 336 1184 425 ἑκάστης
1204 342 1305 424 πέρας
1318 342 1366 403 εί-

267 439 417 523 ληφυίας,
439 438 593 521 λαμβάνει
616 444 716 521 νεῦμα
738 440 755 505 ό
775 437 994 524 πραιπόσιτος,
1017 440 1074 504 καδ
1089 440 1176 504 νεόει
1196 440 1241 527 τῷ
1261 462 1369 524 φωνο-

266 534 369 625 βόλιρ,
402 530 544 615 κάκεῖνος
565 543 747 605 συντίθεται
769 544 812 627 τῷ
833 543 900 628 lapi
919 538 1081 623 ἐκκρίτου
1104 537 1158 603 διά
1180 542 1237 621 τῆς
1256 534 1369 620 χειρός

267 634 346 701 κατά
367 636 426 711 τάς
444 636 584 721 αἰτήσεις
605 638 730 703 αὐτοῖν.
772 638 828 703 καί
847 637 1080 719 συνταξάμενος
1101 632 1209 711 αότοῖς
1230 635 1249 699 ό
1270 641 1368 717 βασι-

119 731 359 816 Μαιυωιλεός,
382 738 559 821 εἰσέρχεται
581 735 679 814 ciero*
703 736 886 822 τριλογχον,
917 733 987 803 εἶτα
1008 735 1087 814 στάς
1109 735 1291 821 ἔμπροσθεν
1309 736 1389 817 τῆςς

267 834 426 918 βαθμίδος
454 836 512 921 τῆς
542 836 657 921 κόγχης
680 842 738 901 τοῦ
768 838 927 923 τρικλίνου
958 836 977 901 ό
1009 834 1175 918 βασιλεός,
1210 832 1294 920 νεόει
1322 836 1369 919 τῷ

267 933 478 1023 πραιποσιλῳ,
499 934 517 1001 o‘
539 938 574 1003 δὲ
591 936 798 1022 πραιπόσιτος
824 938 907 1022 λέγει
926 932 1146 1019 ,,κελεάσατε.”
1187 938 1202 1020 ί
1210 936 1273 1020 Δ.)
1298 929 1373 997 Καὶ

267 1034 397 1099 πάντων
417 1038 482 1099 τῶν
510 1030 676 1119 άρχόντων
704 1035 917 1119 ἐξελθόντων,
951 1041 1039 1118 μένει
1067 1030 1256 1116 §sanciris
1284 1028 1368 1111 μῑῐᾶ

269 1134 329 1197 τοῦ
349 1133 572 1214 κσυβουκλείου
593 1134 708 1217 μόνου,
744 1132 761 1201 ό
789 1139 826 1201 δὲ
846 1137 1067 1222 πραιπόσιτυς,
1100 1130 1207 1213 λαβάν
1228 1125 1291 1195 ἆπό
1311 1132 1371 1212 ῐῆέ

242 1235 410 1317 Βκεφαλῆς
430 1232 529 1299 αότοῦ
548 1233 583 1300 τό
605 1239 740 1319 στέμμα,
760 1242 984 1320 προσκαλεῖται
1002 1233 1078 1309 τοός
1092 1230 1295 1314 βεστήτορας,
1310 1225 1414 1291 καέιο

272 1330 515 1399 ἀπαλλάσσουσι
543 1332 602 1418 τὴν
627 1338 764 1418 χλανίδα
790 1340 848 1400 τοῦ
865 1338 1029 1416 βασιλέως.
1073 1326 1134 1397 εἷθ’
1156 1325 1258 1403 οὕτως
1278 1329 1368 1410 ἕξὲθ·

271 1452 366 1511 χεται
392 1429 580 1513 όβασιλεός
609 1428 671 1498 άπό
702 1436 761 1499 τοῦ
782 1434 969 1519 τρικόγχου,
1001 1432 1058 1496 καί
1085 1433 1247 1513 διέρχεται
1273 1422 1372 1489 πάλιν

272 1527 327 1591 διά
348 1532 412 1595 τῶν
434 1524 540 1598 αότῶν
562 1537 771 1615 διαβατικῶν,
803 1535 858 1597 καί
886 1535 1063 1616 ἀπέρχεται
1090 1532 1136 1603 εἷς
1164 1526 1222 1593 τόν
1248 1547 1371 1609 χρυσο-

271 1632 436 1711 τρίκλινον,
458 1634 513 1696 καί
532 1627 549 1695 ό
566 1635 785 1715 πραιπόσιτος,
807 1630 914 1715 λαβών
935 1628 1128 1713 όποκόμβιον
1147 1629 1213 1694 τεόν
1233 1624 1290 1691 δόο
1310 1646 1371 1705 με·

178 1782 179 1787 ,
273 1732 348 1811 ρῶν,
372 1730 614 1812 δηριγευόμινος
634 1727 697 1795 όπό
718 1736 785 1797 ταῖν
806 1727 971 1816 ἀρχόντων
989 1734 1048 1795 τοῦ
1064 1725 1300 1811 κουβυυκλείου,
1321 1724 1414 1788 ‹lc-15

272 1830 403 1909 έρχεται
424 1828 478 1893 διὰ
499 1832 563 1893 τάν
584 1832 785 1912 stauarum,
806 1831 863 1895 καὶ
883 1832 1057 1915 α’πέρχεται
1078 1830 1113 1892 έν
1132 1827 1175 1915 τῷ
1194 1824 1370 1909 ἡμικυκλίῳ

274 1926 391 2011 φιάλης
412 1930 469 1989 τοῦ
489 1926 681 2012 τρικόγχου,
717 1934 773 1995 καί
791 1928 988 2015 παρακόπτιι
1008 1927 1167 2006 κάτωθεν,
1204 1922 1235 1987 ot
1257 1924 1292 1987 δὲ
1312 1924 1372 1987 τοῦ

271 2026 390 2106 μέρους
415 2028 479 2088 τῶν
499 2028 641 2092 Βενέτων
669 2032 839 2112 κρατοῦσιν
866 2029 1055 2111 ῆπλωμένην
1081 2023 1139 2109 τὴν
1157 2024 1295 2106 χλανιδα
1313 2019 1371 2084 τοῦ

274 2121 441 2205 δημάρχου
463 2124 581 2207 αὐτῶν,
610 2129 655 2202 εἰς
675 2125 714 2215 ἢν
735 2130 884 2211 δέχονται
901 2125 939 2189 τό
960 2122 1158 2203 οἷποκόμβιον
1176 2118 1212 2185 τό
1235 2115 1289 2183 διά
1310 2120 1372 2183 ταδ’

244 2225 483 2304 ῦπραιποσίτυυ
505 2223 592 2309 παρά
613 2231 670 2290 τοῦ
690 2229 848 2308 βασιλέως
868 2225 1016 2311 πεμφθὲν
1036 2218 1156 2296 αὐτοῖς.
1196 2215 1313 2300 δμοίως
1333 2218 1415 2282 «lino

274 2324 331 2386 καί
351 2320 378 2385 οἱ
401 2324 561 2409 Πράσινοι
582 2324 619 2390 τό
642 2325 722 2390 ου’τό
744 2329 900 2391 ποιοῦσιν.
934 2317 1003 2387 εἶτα
1025 2320 1217 2405 ὑποστρέφει
1238 2318 1255 2382 ό
1274 2342 1371 2400 πραι-

274 2422 400 2498 πόσιτος
419 2423 502 2505 μετά
524 2427 580 2490 τοῦ
601 2426 823 2509 κουβουκλείου
834 2476 844 2506 ,
867 2423 923 2489 καὶ
941 2425 997 2487 τοῦ
1017 2425 1175 2505 βασιλέως
1194 2418 1372 2484 καθεσθέν-

274 2545 328 2597 τος
348 2523 402 2588 έπί
421 2527 479 2588 τοῦ
496 2529 637 2608 σέντζου,
659 2529 840 2613 φοροῦντος
856 2525 913 2587 καὶ
930 2519 968 2586 τό
985 2523 1096 2604 σαγίον
1112 2516 1224 2600 αότυῦ,
1242 2515 1372 2581 καὶτοῦ

274 2623 497 2707 κυυβουκλείου
515 2627 558 2703 εἰς
572 2623 627 2692 τόν
641 2627 899 2712 χρυσοτρίκλινον
912 2617 1056 2702 ἑστῶτος,
1078 2618 1197 2684 κιλεόιι
1217 2615 1374 2700 εἰσαχθῆ·

349 2806 389 2856 ss.
410 2804 451 2862 εἰς
468 2791 501 2856 τό
521 2803 564 2855 ed.

275 2964 426 3032 prospicit,
447 2964 585 3038 silentque
601 2981 716 3036 organa,
736 2964 871 3016 sactiones
888 2979 952 3014 vero
968 2967 1087 3032 qrsstuor
1104 2959 1304 3028 postulationes
1325 2957 1373 3007 in·

277 3036 413 3096 stituuut‚
437 3035 607 3106 singulisque
635 3037 702 3104 ipsis
728 3037 880 3097 concessis,
917 3034 1107 3101 praepositus,
1140 3031 1218 3099 tigno
1243 3035 1373 3096 accepit),

277 3113 484 3172 praecentorem
498 3116 610 3170 monet,
628 3107 676 3178 qui
694 3115 735 3158 ter
751 3123 860 3159 manum
886 3104 990 3173 populo
1020 3099 1171 3152 secundum
1196 3116 1289 3168 preces
1313 3099 1374 3149 eius

278 3176 427 3244 componit.
463 3177 627 3244 Imperator,
646 3177 775 3230 omnibus
795 3175 946 3237 ordinatis,
968 3170 1138 3225 triconclsum
1156 3170 1326 3239 ingreditur,
1345 3175 1376 3220 et

278 3261 293 3295 e
309 3249 421 3315 regione
438 3247 527 3299 scalae
549 3248 667 3300 conchae
683 3248 798 3300 triclinii
815 3247 997 3306 constitutus,
1016 3243 1171 3312 praeposito
1191 3243 1304 3302 cnnuit‚
1323 3237 1376 3309 qui

277 3315 363 3370 dicit:
397 3317 499 3374 Iubste.
535 3320 619 3390 (ΙΙΙ.)
648 3320 795 3371 Praefectis
822 3317 951 3369 omnibus
979 3316 1110 3384 egressis,
1138 3313 1289 3378 Imperator
1312 3325 1376 3360 cum

277 3385 336 3438 solo
355 3387 482 3440 eubiculo
498 3398 638 3451 remanet,
657 3392 831 3459 praepositus
851 3405 933 3447 vcro,
953 3385 1044 3437 demto
1062 3384 1097 3435 sb
1114 3385 1174 3433 eius
1189 3383 1281 3450 cupite
1295 3395 1377 3431 eoro-

276 3473 329 3519 na,
355 3462 497 3510 vestitores
523 3468 617 3522 vocnt,
645 3467 677 3511 ut
697 3461 750 3530 ipsi
769 3462 889 3512 tunicsm
910 3463 1019 3510 exuant.
1056 3456 1102 3506 Sic
1126 3470 1141 3504 e
1162 3449 1307 3504 triconelso
1324 3466 1378 3519 per

278 3527 388 3580 eesslcm
410 3531 530 3599 porticus
552 3529 703 3598 digressus,
727 3530 762 3582 ccl
788 3547 901 3582 curcum
926 3526 1084 3579 cubiculum
1104 3523 1178 3584 obit,
1203 3521 1377 3590 praepositus

277 3613 359 3660 vero,
380 3600 496 3652 duorum
516 3602 664 3652 sectionum
689 3601 853 3668 npoeombio
870 3607 975 3660 sumto,
995 3597 1117 3648 cubiculi
1131 3595 1276 3662 praelectis
1289 3592 1378 3642 cosni-

279 3670 419 3730 tcntibus,
447 3687 497 3739 per
517 3673 638 3740 porticus
659 3671 692 3723 nd
715 3671 896 3739 hemicyclum
912 3669 1022 3740 phialae
1043 3664 1179 3720 triconehi
1201 3666 1276 3725 ubit,
1303 3661 1378 3713 etin

279 3739 339 3792 locs
360 3742 491 3792 interiora
512 3744 662 3812 prospicit,
680 3745 782 3796 Veneti
801 3752 892 3794 ssstem
909 3741 1032 3792 tunicam
1052 3735 1193 3789 ‹lemorehi
1211 3735 1254 3786 sui
1272 3748 1380 3800 expau-

280 3827 335 3863 snm
361 3820 504 3874 tenentes,
535 3815 728 3882 apocombium
758 3814 793 3865 cb
821 3815 990 3882 imperatore
1016 3826 1066 3880 per
1092 3809 1282 3876 praepositum
1309 3803 1379 3871 ipsis

279 3885 393 3934 missum
412 3885 566 3952 recipiunt:
586 3881 715 3956 idemque
737 3893 765 3937 et
783 3885 886 3936 Prosiui
905 3883 1021 3937 faciunt.
1058 3881 1103 3932 Sic
1122 3878 1294 3948 praepositus
1314 3887 1379 3941 cum

280 3955 408 4007 cubiculo
428 3954 518 4018 redit,
546 3962 575 4007 et
600 3953 751 4026 lmpcrntor
769 3973 860 4025 sogum
879 3970 959 4006 suum
979 3960 1086 4022 gestans
1105 3950 1192 4020 inque
1209 3947 1310 3999 throno
1329 3941 1381 3994 eda

281 4025 390 4090 sidens,
410 4027 597 4094 promotiones
617 4026 765 4079 multorum
783 4041 925 4096 procerum
946 4023 1056 4076 institui
1074 4020 1173 4082 iubet,
1198 4035 1214 4068 a
1233 4013 1382 4068 mandato·

281 4097 358 4150 ribus
375 4113 426 4169 per
443 4095 665 4152 omnes-ordines
684 4113 771 4171 usque
788 4095 823 4150 nd
834 4093 1069 4169 protospuhutos
1081 4105 1258 4169 progressum
1276 4087 1300 4142 si
1317 4085 1381 4162 ph·
