<?xml version="1.0" encoding="UTF-8"?>
<!DOCTYPE html PUBLIC "-//W3C//DTD XHTML 1.0 Transitional//EN"
    "http://www.w3.org/TR/xhtml1/DTD/xhtml1-transitional.dtd">
<html xmlns="http://www.w3.org/1999/xhtml" xml:lang="en" lang="en">
 <head>
  <title>
</title>
<meta http-equiv="Content-Type" content="text/html;charset=utf-8" />
  <meta name='ocr-system' content='tesseract 3.04.00' />
  <meta name='ocr-capabilities' content='ocr_page ocr_carea ocr_par ocr_line ocrx_word'/>
</head>
<body>
  <div class='ocr_page' id='page_1' title='image "./corpusscriptoru40niebgoog/corpusscriptoru40niebgoog_0267.png"; bbox 0 0 3042 4825; ppageno 0'>
   <div class='ocr_carea' id='block_1_1' title="bbox 299 100 1276 223">
    <p class='ocr_par' dir='ltr' id='par_1_1' title="bbox 299 100 1276 223">
     <span class='ocr_line' id='line_1_1' title="bbox 299 100 1276 223; baseline -0.037 -5"><span class='ocrx_word' id='word_1_1' title='bbox 299 214 301 219; x_wconf 78' lang='grc'><strong><em>,</em></strong></span> <span class='ocrx_word' id='word_1_2' title='bbox 367 114 634 223; x_wconf 73' lang='lat' dir='ltr'>meremor.</span> <span class='ocrx_word' id='word_1_3' title='bbox 654 130 1028 203; x_wconf 71' lang='lat' dir='ltr'>immoramur.</span> <span class='ocrx_word' id='word_1_4' title='bbox 1048 136 1101 205; x_wconf 72' lang='lat'><strong><em>20,</em></strong></span> <span class='ocrx_word' id='word_1_5' title='bbox 1195 100 1276 215; x_wconf 87' lang='lat'><strong><em>169</em></strong></span> 
     </span>
    </p>
   </div>
   <div class='ocr_carea' id='block_1_2' title="bbox 125 282 1411 2768">
    <p class='ocr_par' dir='ltr' id='par_1_2' title="bbox 125 282 1411 2768">
     <span class='ocr_line' id='line_1_2' title="bbox 188 282 1279 384; baseline -0.017 -18"><span class='ocrx_word' id='word_1_6' title='bbox 188 298 403 384; x_wconf 72' lang='grc' dir='ltr'><strong><em>σφαλίζτοαιν</em></strong></span> <span class='ocrx_word' id='word_1_7' title='bbox 419 298 450 365; x_wconf 84' lang='lat' dir='ltr'><strong><em>oi</em></strong></span> <span class='ocrx_word' id='word_1_8' title='bbox 470 291 724 377; x_wconf 77' lang='grc' dir='ltr'><strong><em>κονβικοαλὰριοι</em></strong></span> <span class='ocrx_word' id='word_1_9' title='bbox 747 285 805 374; x_wconf 73' lang='grc' dir='ltr'><strong><em>τὴν</em></strong></span> <span class='ocrx_word' id='word_1_10' title='bbox 826 288 937 370; x_wconf 76' lang='grc' dir='ltr'><strong><em>πύλην,</em></strong></span> <span class='ocrx_word' id='word_1_11' title='bbox 956 282 1204 370; x_wconf 82' lang='grc' dir='ltr'><strong><em>ῦπερτοχόμενοι</em></strong></span> <span class='ocrx_word' id='word_1_12' title='bbox 1221 282 1279 347; x_wconf 78' lang='grc' dir='ltr'><strong><em>καί</em></strong></span> 
     </span>
     <span class='ocr_line' id='line_1_3' title="bbox 187 377 1301 477; baseline -0.017 -16"><span class='ocrx_word' id='word_1_13' title='bbox 187 394 285 461; x_wconf 69' lang='lat' dir='ltr'>uiroc*</span> <span class='ocrx_word' id='word_1_14' title='bbox 313 399 382 477; x_wconf 75' lang='lat' dir='ltr'>„eie</span> <span class='ocrx_word' id='word_1_15' title='bbox 407 390 543 468; x_wconf 83' lang='grc' dir='ltr'><strong><em>πολλοῦς</em></strong></span> <span class='ocrx_word' id='word_1_16' title='bbox 565 390 620 457; x_wconf 78' lang='grc' dir='ltr'><strong><em>καί</em></strong></span> <span class='ocrx_word' id='word_1_17' title='bbox 653 384 794 472; x_wconf 73' lang='grc' dir='ltr'><strong><em>ἀμαθοῦς</em></strong></span> <span class='ocrx_word' id='word_1_18' title='bbox 820 384 1010 469; x_wconf 53' lang='grc' dir='ltr'><strong><em>χρόνοοςίᾶ</em></strong></span> <span class='ocrx_word' id='word_1_19' title='bbox 1046 384 1103 447; x_wconf 82' lang='grc' dir='ltr'><strong><em>καί</em></strong></span> <span class='ocrx_word' id='word_1_20' title='bbox 1126 377 1234 464; x_wconf 73' lang='grc' dir='ltr'><strong><em>λαβών</em></strong></span> <span class='ocrx_word' id='word_1_21' title='bbox 1256 377 1301 445; x_wconf 78' lang='lat' dir='ltr'><strong><em>in</em></strong></span> 
     </span>
     <span class='ocr_line' id='line_1_4' title="bbox 186 481 1274 579; baseline -0.012 -22"><span class='ocrx_word' id='word_1_22' title='bbox 186 492 391 579; x_wconf 83' lang='grc' dir='ltr'><strong><em>πραιιιὸσιτος</em></strong></span> <span class='ocrx_word' id='word_1_23' title='bbox 408 490 445 560; x_wconf 84' lang='grc' dir='ltr'><strong><em>τὸ</em></strong></span> <span class='ocrx_word' id='word_1_24' title='bbox 464 493 590 573; x_wconf 81' lang='grc' dir='ltr'><strong><em>στέμμα</em></strong></span> <span class='ocrx_word' id='word_1_25' title='bbox 604 486 666 555; x_wconf 75' lang='grc' dir='ltr'><strong><em>ἀπὸ</em></strong></span> <span class='ocrx_word' id='word_1_26' title='bbox 684 490 740 571; x_wconf 79' lang='grc' dir='ltr'><strong><em>τῆς</em></strong></span> <span class='ocrx_word' id='word_1_27' title='bbox 757 483 896 571; x_wconf 73' lang='grc' dir='ltr'><strong><em>κεφαλῆς</em></strong></span> <span class='ocrx_word' id='word_1_28' title='bbox 911 486 969 546; x_wconf 90' lang='grc' dir='ltr'><strong><em>τοῦ</em></strong></span> <span class='ocrx_word' id='word_1_29' title='bbox 987 483 1152 561; x_wconf 78' lang='grc' dir='ltr'><strong><em>βασιλέως,</em></strong></span> <span class='ocrx_word' id='word_1_30' title='bbox 1173 481 1274 564; x_wconf 76' lang='grc' dir='ltr'><strong><em>εἰσέρ-</em></strong></span> 
     </span>
     <span class='ocr_line' id='line_1_5' title="bbox 185 574 1278 677; baseline -0.018 -19"><span class='ocrx_word' id='word_1_31' title='bbox 185 616 278 675; x_wconf 87' lang='grc' dir='ltr'><strong><em>χεται</em></strong></span> <span class='ocrx_word' id='word_1_32' title='bbox 297 591 316 657; x_wconf 83' lang='grc' dir='ltr'><strong><em>ῦ</em></strong></span> <span class='ocrx_word' id='word_1_33' title='bbox 333 590 484 676; x_wconf 79' lang='grc' dir='ltr'><strong><em>βασιλεῦς</em></strong></span> <span class='ocrx_word' id='word_1_34' title='bbox 504 594 540 657; x_wconf 82' lang='grc' dir='ltr'><strong><em>έν</em></strong></span> <span class='ocrx_word' id='word_1_35' title='bbox 557 590 601 677; x_wconf 77' lang='grc' dir='ltr'><strong><em>τῷ</em></strong></span> <span class='ocrx_word' id='word_1_36' title='bbox 619 588 685 675; x_wconf 58' lang='lat' dir='ltr'>sarri</span> <span class='ocrx_word' id='word_1_37' title='bbox 702 587 760 649; x_wconf 88' lang='grc' dir='ltr'><strong><em>τοῦ</em></strong></span> <span class='ocrx_word' id='word_1_38' title='bbox 781 586 926 666; x_wconf 82' lang='grc' dir='ltr'><strong><em>Καρίαν,</em></strong></span> <span class='ocrx_word' id='word_1_39' title='bbox 957 577 1014 644; x_wconf 75' lang='grc' dir='ltr'><strong><em>καί</em></strong></span> <span class='ocrx_word' id='word_1_40' title='bbox 1040 574 1146 660; x_wconf 71' lang='grc' dir='ltr'><strong><em>λαβών</em></strong></span> <span class='ocrx_word' id='word_1_41' title='bbox 1162 575 1278 662; x_wconf 80' lang='grc' dir='ltr'><strong><em>κηροῦς</em></strong></span> 
     </span>
     <span class='ocr_line' id='line_1_6' title="bbox 165 675 1276 774; baseline -0.023 -13"><span class='ocrx_word' id='word_1_42' title='bbox 165 688 246 761; x_wconf 72' lang='lat' dir='ltr'>Sarni</span> <span class='ocrx_word' id='word_1_43' title='bbox 259 690 446 774; x_wconf 58' lang='grc' dir='ltr'><strong><em>εοῖάμενσς,</em></strong></span> <span class='ocrx_word' id='word_1_44' title='bbox 475 690 657 755; x_wconf 78' lang='grc' dir='ltr'><strong><em>ἐπιδιδωσιν</em></strong></span> <span class='ocrx_word' id='word_1_45' title='bbox 679 680 799 759; x_wconf 80' lang='grc' dir='ltr'><strong><em>αῦτοῦς</em></strong></span> <span class='ocrx_word' id='word_1_46' title='bbox 815 682 858 768; x_wconf 74' lang='grc' dir='ltr'><strong><em>τῷ</em></strong></span> <span class='ocrx_word' id='word_1_47' title='bbox 874 675 1069 764; x_wconf 84' lang='grc' dir='ltr'><strong><em>πραιποοίτῳ</em></strong></span> <span class='ocrx_word' id='word_1_48' title='bbox 1079 726 1089 756; x_wconf 96' lang='grc'><strong><em>,</em></strong></span> <span class='ocrx_word' id='word_1_49' title='bbox 1117 676 1276 759; x_wconf 78' lang='grc' dir='ltr'><strong><em>διέρχεται</em></strong></span> 
     </span>
     <span class='ocr_line' id='line_1_7' title="bbox 167 769 1277 871; baseline -0.022 -15"><span class='ocrx_word' id='word_1_50' title='bbox 167 787 240 855; x_wconf 77' lang='grc' dir='ltr'><strong><em>Ιδιαὶ</em></strong></span> <span class='ocrx_word' id='word_1_51' title='bbox 256 790 321 855; x_wconf 82' lang='grc' dir='ltr'><strong><em>τοῦν</em></strong></span> <span class='ocrx_word' id='word_1_52' title='bbox 336 790 528 871; x_wconf 80' lang='grc' dir='ltr'><strong><em>διαβατιιιιῦν</em></strong></span> <span class='ocrx_word' id='word_1_53' title='bbox 550 786 607 851; x_wconf 83' lang='grc' dir='ltr'><strong><em>τοῦ</em></strong></span> <span class='ocrx_word' id='word_1_54' title='bbox 627 783 766 869; x_wconf 75' lang='grc' dir='ltr'><strong><em>Καρίου,</em></strong></span> <span class='ocrx_word' id='word_1_55' title='bbox 786 781 841 845; x_wconf 85' lang='grc' dir='ltr'><strong><em>καί</em></strong></span> <span class='ocrx_word' id='word_1_56' title='bbox 847 777 1032 865; x_wconf 77' lang='grc' dir='ltr'><strong><em>,εἰσέρχεται</em></strong></span> <span class='ocrx_word' id='word_1_57' title='bbox 1047 778 1082 841; x_wconf 82' lang='grc' dir='ltr'><strong><em>έν</em></strong></span> <span class='ocrx_word' id='word_1_58' title='bbox 1096 774 1140 861; x_wconf 74' lang='grc' dir='ltr'><strong><em>τῷ</em></strong></span> <span class='ocrx_word' id='word_1_59' title='bbox 1155 769 1277 856; x_wconf 80' lang='grc' dir='ltr'><strong><em>τρικῦγ-</em></strong></span> 
     </span>
     <span class='ocr_line' id='line_1_8' title="bbox 180 871 1276 977; baseline -0.018 -23"><span class='ocrx_word' id='word_1_60' title='bbox 180 912 244 977; x_wconf 78' lang='grc' dir='ltr'><strong><em>χρ.</em></strong></span> <span class='ocrx_word' id='word_1_61' title='bbox 285 884 348 954; x_wconf 76' lang='grc' dir='ltr'><strong><em>εἶθ’</em></strong></span> <span class='ocrx_word' id='word_1_62' title='bbox 372 882 471 964; x_wconf 81' lang='grc' dir='ltr'><strong><em>οῦτοος</em></strong></span> <span class='ocrx_word' id='word_1_63' title='bbox 497 888 660 971; x_wconf 76' lang='grc' dir='ltr'><strong><em>διέρχεται</em></strong></span> <span class='ocrx_word' id='word_1_64' title='bbox 680 880 721 945; x_wconf 77' lang='grc' dir='ltr'><strong><em>τὰ</em></strong></span> <span class='ocrx_word' id='word_1_65' title='bbox 745 874 915 962; x_wconf 69' lang='grc' dir='ltr'><strong><em>δυβατικοὶ</em></strong></span> <span class='ocrx_word' id='word_1_66' title='bbox 935 879 999 942; x_wconf 73' lang='grc' dir='ltr'><strong><em>τοῖν</em></strong></span> <span class='ocrx_word' id='word_1_67' title='bbox 1026 871 1124 957; x_wconf 78' lang='grc' dir='ltr'><strong><em>ἁγίων</em></strong></span> <span class='ocrx_word' id='word_1_68' title='bbox 1147 871 1189 956; x_wconf 88' lang='grc' dir='ltr'><strong><em>μ’,</em></strong></span> <span class='ocrx_word' id='word_1_69' title='bbox 1220 873 1276 935; x_wconf 72' lang='grc' dir='ltr'><strong><em>κατ’</em></strong></span> 
     </span>
     <span class='ocr_line' id='line_1_9' title="bbox 179 965 1318 1073; baseline -0.018 -21"><span class='ocrx_word' id='word_1_70' title='bbox 179 988 360 1073; x_wconf 78' lang='grc' dir='ltr'><strong><em>εἰσέρχεται</em></strong></span> <span class='ocrx_word' id='word_1_71' title='bbox 373 988 419 1062; x_wconf 79' lang='grc' dir='ltr'><strong><em>εἰς</em></strong></span> <span class='ocrx_word' id='word_1_72' title='bbox 437 982 490 1050; x_wconf 79' lang='grc' dir='ltr'><strong><em>τὸν</em></strong></span> <span class='ocrx_word' id='word_1_73' title='bbox 508 980 777 1068; x_wconf 84' lang='grc' dir='ltr'><strong><em>χρυσοτρίκλινον,</em></strong></span> <span class='ocrx_word' id='word_1_74' title='bbox 799 974 828 1043; x_wconf 78' lang='grc' dir='ltr'><strong><em>οἱ</em></strong></span> <span class='ocrx_word' id='word_1_75' title='bbox 850 980 886 1042; x_wconf 78' lang='grc' dir='ltr'><strong><em>δέ</em></strong></span> <span class='ocrx_word' id='word_1_76' title='bbox 911 976 1069 1060; x_wconf 75' lang='grc' dir='ltr'><strong><em>πατρίκιοι</em></strong></span> <span class='ocrx_word' id='word_1_77' title='bbox 1089 971 1146 1035; x_wconf 84' lang='grc' dir='ltr'><strong><em>καί</em></strong></span> <span class='ocrx_word' id='word_1_78' title='bbox 1163 965 1192 1033; x_wconf 84' lang='grc' dir='ltr'><strong><em>οἱ</em></strong></span> <span class='ocrx_word' id='word_1_79' title='bbox 1206 974 1273 1067; x_wconf 67' lang='lat' dir='ltr'>iot:</span> <span class='ocrx_word' id='word_1_80' title='bbox 1313 986 1318 993; x_wconf 91' lang='grc'><strong>’</strong></span> 
     </span>
     <span class='ocr_line' id='line_1_10' title="bbox 178 1069 1271 1171; baseline -0.017 -22"><span class='ocrx_word' id='word_1_81' title='bbox 178 1084 237 1150; x_wconf 85' lang='grc' dir='ltr'><strong><em>πσὶ</em></strong></span> <span class='ocrx_word' id='word_1_82' title='bbox 252 1086 449 1171; x_wconf 76' lang='grc' dir='ltr'><strong><em>εἰσέρχονται</em></strong></span> <span class='ocrx_word' id='word_1_83' title='bbox 464 1078 519 1147; x_wconf 71' lang='grc' dir='ltr'><strong><em>διὰ</em></strong></span> <span class='ocrx_word' id='word_1_84' title='bbox 542 1083 600 1146; x_wconf 88' lang='grc' dir='ltr'><strong><em>τοῦ</em></strong></span> <span class='ocrx_word' id='word_1_85' title='bbox 618 1071 709 1154; x_wconf 87' lang='grc' dir='ltr'><strong><em>ῦντος</em></strong></span> <span class='ocrx_word' id='word_1_86' title='bbox 728 1079 774 1157; x_wconf 84' lang='grc' dir='ltr'><strong><em>είς</em></strong></span> <span class='ocrx_word' id='word_1_87' title='bbox 792 1074 829 1141; x_wconf 83' lang='grc' dir='ltr'><strong><em>τὸ</em></strong></span> <span class='ocrx_word' id='word_1_88' title='bbox 848 1071 949 1141; x_wconf 79' lang='grc' dir='ltr'><strong><em>ίδικόν</em></strong></span> <span class='ocrx_word' id='word_1_89' title='bbox 965 1069 1147 1156; x_wconf 63' lang='grc' dir='ltr'><strong><em>μονσδῦροο</em></strong></span> <span class='ocrx_word' id='word_1_90' title='bbox 1173 1071 1208 1133; x_wconf 79' lang='grc' dir='ltr'><strong><em>ἕν</em></strong></span> <span class='ocrx_word' id='word_1_91' title='bbox 1225 1091 1271 1155; x_wconf 81' lang='grc' dir='ltr'><strong><em>τρι</em></strong></span> 
     </span>
     <span class='ocr_line' id='line_1_11' title="bbox 142 1162 1271 1271; baseline -0.016 -22"><span class='ocrx_word' id='word_1_92' title='bbox 142 1184 353 1271; x_wconf 80' lang='grc' dir='ltr'><strong><em>τολαοσιακῷ.</em></strong></span> <span class='ocrx_word' id='word_1_93' title='bbox 396 1180 453 1247; x_wconf 80' lang='grc' dir='ltr'><strong><em>καί</em></strong></span> <span class='ocrx_word' id='word_1_94' title='bbox 467 1183 526 1245; x_wconf 80' lang='grc' dir='ltr'><strong><em>τοῦ</em></strong></span> <span class='ocrx_word' id='word_1_95' title='bbox 545 1177 659 1265; x_wconf 80' lang='grc' dir='ltr'><strong><em>καιροῦ</em></strong></span> <span class='ocrx_word' id='word_1_96' title='bbox 675 1175 873 1259; x_wconf 67' lang='grc' dir='ltr'><strong><em>ἐγγίσαντος,</em></strong></span> <span class='ocrx_word' id='word_1_97' title='bbox 902 1173 1061 1257; x_wconf 80' lang='grc' dir='ltr'><strong><em>ἐξέρχεται</em></strong></span> <span class='ocrx_word' id='word_1_98' title='bbox 1084 1165 1101 1233; x_wconf 83' lang='grc' dir='ltr'><em>ὃ</em></span> <span class='ocrx_word' id='word_1_99' title='bbox 1119 1162 1271 1252; x_wconf 78' lang='grc' dir='ltr'><strong><em>βασιλεῦς</em></strong></span> 
     </span>
     <span class='ocr_line' id='line_1_12' title="bbox 176 1260 1272 1369; baseline -0.016 -22"><span class='ocrx_word' id='word_1_100' title='bbox 176 1285 234 1347; x_wconf 82' lang='grc' dir='ltr'><strong><em>καί</em></strong></span> <span class='ocrx_word' id='word_1_101' title='bbox 256 1283 423 1369; x_wconf 72' lang='grc' dir='ltr'><strong><em>καθέζεται</em></strong></span> <span class='ocrx_word' id='word_1_102' title='bbox 445 1276 500 1345; x_wconf 76' lang='grc' dir='ltr'><strong><em>ἐπὶ</em></strong></span> <span class='ocrx_word' id='word_1_103' title='bbox 515 1279 572 1363; x_wconf 78' lang='grc' dir='ltr'><strong><em>τῆς</em></strong></span> <span class='ocrx_word' id='word_1_104' title='bbox 586 1276 697 1357; x_wconf 85' lang='grc' dir='ltr'><strong><em>τιμίοις</em></strong></span> <span class='ocrx_word' id='word_1_105' title='bbox 720 1274 824 1339; x_wconf 86' lang='grc' dir='ltr'><strong><em>αῦτοῦ</em></strong></span> <span class='ocrx_word' id='word_1_106' title='bbox 844 1270 1002 1358; x_wconf 75' lang='grc' dir='ltr'><strong><em>τραπέζης</em></strong></span> <span class='ocrx_word' id='word_1_107' title='bbox 1021 1264 1102 1352; x_wconf 77' lang='grc' dir='ltr'><strong><em>μεταλ</em></strong></span> <span class='ocrx_word' id='word_1_108' title='bbox 1125 1270 1189 1332; x_wconf 82' lang='grc' dir='ltr'><strong><em>τιῦν</em></strong></span> <span class='ocrx_word' id='word_1_109' title='bbox 1213 1260 1272 1351; x_wconf 71' lang='lat' dir='ltr'><strong><em>ip-</em></strong></span> 
     </span>
     <span class='ocr_line' id='line_1_13' title="bbox 172 1359 1268 1463; baseline -0.014 -22"><span class='ocrx_word' id='word_1_110' title='bbox 172 1376 316 1463; x_wconf 86' lang='grc' dir='ltr'><strong><em>χδντοον,</em></strong></span> <span class='ocrx_word' id='word_1_111' title='bbox 339 1376 395 1453; x_wconf 82' lang='grc' dir='ltr'><strong><em>οῦς</em></strong></span> <span class='ocrx_word' id='word_1_112' title='bbox 408 1380 553 1444; x_wconf 77' lang='grc' dir='ltr'><strong><em>ἐκέλευσε</em></strong></span> <span class='ocrx_word' id='word_1_113' title='bbox 572 1376 610 1463; x_wconf 77' lang='grc' dir='ltr'><strong><em>τῇ</em></strong></span> <span class='ocrx_word' id='word_1_114' title='bbox 625 1368 708 1462; x_wconf 78' lang='grc' dir='ltr'><strong><em>αὐτῇ</em></strong></span> <span class='ocrx_word' id='word_1_115' title='bbox 723 1372 828 1460; x_wconf 74' lang='grc' dir='ltr'><strong><em>ἡμέρα</em></strong></span> <span class='ocrx_word' id='word_1_116' title='bbox 846 1369 989 1435; x_wconf 83' lang='grc' dir='ltr'><strong><em>καλέσαι.</em></strong></span> <span class='ocrx_word' id='word_1_117' title='bbox 1029 1367 1134 1444; x_wconf 67' lang='grc' dir='ltr'><strong><em>ἰστέον</em></strong></span> <span class='ocrx_word' id='word_1_118' title='bbox 1148 1369 1200 1448; x_wconf 82' lang='grc' dir='ltr'><strong><em>δὲ,</em></strong></span> <span class='ocrx_word' id='word_1_119' title='bbox 1220 1359 1268 1429; x_wconf 85' lang='grc' dir='ltr'><strong><em>ῦτι</em></strong></span> 
     </span>
     <span class='ocr_line' id='line_1_14' title="bbox 175 1462 1411 1563; baseline -0.014 -21"><span class='ocrx_word' id='word_1_120' title='bbox 175 1475 209 1543; x_wconf 80' lang='grc' dir='ltr'><strong><em>οῦ</em></strong></span> <span class='ocrx_word' id='word_1_121' title='bbox 223 1479 284 1561; x_wconf 73' lang='grc' dir='ltr'><strong><em>μέν</em></strong></span> <span class='ocrx_word' id='word_1_122' title='bbox 299 1480 458 1563; x_wconf 85' lang='grc' dir='ltr'><strong><em>πατρίκιοι</em></strong></span> <span class='ocrx_word' id='word_1_123' title='bbox 477 1478 532 1540; x_wconf 85' lang='grc' dir='ltr'><strong><em>καί</em></strong></span> <span class='ocrx_word' id='word_1_124' title='bbox 548 1472 578 1539; x_wconf 85' lang='lat' dir='ltr'><strong><em>oi</em></strong></span> <span class='ocrx_word' id='word_1_125' title='bbox 600 1474 767 1558; x_wconf 68' lang='grc' dir='ltr'><strong><em>κληθέντες</em></strong></span> <span class='ocrx_word' id='word_1_126' title='bbox 792 1468 928 1543; x_wconf 79' lang='grc' dir='ltr'><strong><em>ἅπαντες</em></strong></span> <span class='ocrx_word' id='word_1_127' title='bbox 950 1462 1139 1552; x_wconf 80' lang='grc' dir='ltr'><strong><em>η’λλαγμένοι</em></strong></span> <span class='ocrx_word' id='word_1_128' title='bbox 1165 1465 1313 1549; x_wconf 67' lang='lat' dir='ltr'>rinae-fid,</span> <span class='ocrx_word' id='word_1_129' title='bbox 1320 1483 1353 1537; x_wconf 79' lang='lat'><strong><em>1„</em></strong></span> <span class='ocrx_word' id='word_1_130' title='bbox 1363 1500 1411 1541; x_wconf 68' lang='grc' dir='ltr'><strong><em>,ω</em></strong></span> 
     </span>
     <span class='ocr_line' id='line_1_15' title="bbox 171 1564 1267 1659; baseline -0.013 -19"><span class='ocrx_word' id='word_1_131' title='bbox 171 1572 287 1658; x_wconf 84' lang='grc' dir='ltr'><strong><em>χονται</em></strong></span> <span class='ocrx_word' id='word_1_132' title='bbox 307 1577 353 1649; x_wconf 87' lang='grc' dir='ltr'><strong><em>είς</em></strong></span> <span class='ocrx_word' id='word_1_133' title='bbox 372 1574 408 1638; x_wconf 83' lang='grc' dir='ltr'><strong><em>τὸ</em></strong></span> <span class='ocrx_word' id='word_1_134' title='bbox 433 1572 604 1659; x_wconf 72' lang='grc' dir='ltr'><strong><em>κλητώριον</em></strong></span> <span class='ocrx_word' id='word_1_135' title='bbox 620 1564 695 1636; x_wconf 72' lang='grc' dir='ltr'><strong><em>ἄνευ</em></strong></span> <span class='ocrx_word' id='word_1_136' title='bbox 720 1569 908 1653; x_wconf 84' lang='grc' dir='ltr'><strong><em>χλανιδίων,</em></strong></span> <span class='ocrx_word' id='word_1_137' title='bbox 937 1566 967 1633; x_wconf 80' lang='grc' dir='ltr'><strong><em>οἱ</em></strong></span> <span class='ocrx_word' id='word_1_138' title='bbox 992 1568 1027 1629; x_wconf 79' lang='grc' dir='ltr'><strong><em>δὲ</em></strong></span> <span class='ocrx_word' id='word_1_139' title='bbox 1051 1567 1110 1630; x_wconf 90' lang='grc' dir='ltr'><strong><em>τοῦ</em></strong></span> <span class='ocrx_word' id='word_1_140' title='bbox 1134 1568 1267 1645; x_wconf 80' lang='grc' dir='ltr'><strong><em>κουβοο-</em></strong></span> 
     </span>
     <span class='ocr_line' id='line_1_16' title="bbox 133 1659 1267 1758; baseline -0.011 -21"><span class='ocrx_word' id='word_1_141' title='bbox 133 1676 281 1746; x_wconf 73' lang='grc' dir='ltr'><strong><em>ιὸκλείοο</em></strong></span> <span class='ocrx_word' id='word_1_142' title='bbox 303 1664 470 1756; x_wconf 84' lang='grc' dir='ltr'><strong><em>ῦρχοντες,</em></strong></span> <span class='ocrx_word' id='word_1_143' title='bbox 500 1672 672 1758; x_wconf 79' lang='grc' dir='ltr'><strong><em>φοροῦντες</em></strong></span> <span class='ocrx_word' id='word_1_144' title='bbox 690 1665 828 1754; x_wconf 74' lang='grc' dir='ltr'><strong><em>ἀληθινοὶ</em></strong></span> <span class='ocrx_word' id='word_1_145' title='bbox 850 1661 975 1751; x_wconf 80' lang='grc' dir='ltr'><strong><em>σαγία,</em></strong></span> <span class='ocrx_word' id='word_1_146' title='bbox 994 1667 1036 1753; x_wconf 81' lang='grc' dir='ltr'><strong><em>τῇ</em></strong></span> <span class='ocrx_word' id='word_1_147' title='bbox 1057 1659 1139 1752; x_wconf 77' lang='grc' dir='ltr'><strong><em>αῦτῇ</em></strong></span> <span class='ocrx_word' id='word_1_148' title='bbox 1161 1662 1267 1751; x_wconf 77' lang='grc' dir='ltr'><strong><em>ἦμέρρ</em></strong></span> 
     </span>
     <span class='ocr_line' id='line_1_17' title="bbox 172 1758 1263 1856; baseline -0.008 -22"><span class='ocrx_word' id='word_1_149' title='bbox 172 1772 299 1836; x_wconf 82' lang='grc' dir='ltr'><strong><em>τελοῦσι</em></strong></span> <span class='ocrx_word' id='word_1_150' title='bbox 318 1772 448 1835; x_wconf 81' lang='grc' dir='ltr'><strong><em>διπλοῦν</em></strong></span> <span class='ocrx_word' id='word_1_151' title='bbox 470 1768 731 1856; x_wconf 80' lang='grc' dir='ltr'><strong><em>παραστάσιμον.</em></strong></span> <span class='ocrx_word' id='word_1_152' title='bbox 771 1764 838 1854; x_wconf 74' lang='grc' dir='ltr'><strong><em>χρὴ</em></strong></span> <span class='ocrx_word' id='word_1_153' title='bbox 855 1766 891 1831; x_wconf 80' lang='grc' dir='ltr'><strong><em>δὲ</em></strong></span> <span class='ocrx_word' id='word_1_154' title='bbox 913 1765 1045 1845; x_wconf 84' lang='grc' dir='ltr'><strong><em>εἰδέναι,</em></strong></span> <span class='ocrx_word' id='word_1_155' title='bbox 1067 1758 1125 1843; x_wconf 79' lang='grc' dir='ltr'><strong><em>ὅτι,</em></strong></span> <span class='ocrx_word' id='word_1_156' title='bbox 1150 1764 1181 1826; x_wconf 80' lang='grc' dir='ltr'><strong><em>εί</em></strong></span> <span class='ocrx_word' id='word_1_157' title='bbox 1201 1764 1263 1843; x_wconf 73' lang='grc' dir='ltr'><strong><em>μέν</em></strong></span> 
     </span>
     <span class='ocr_line' id='line_1_18' title="bbox 170 1859 1298 1957; baseline -0.005 -26"><span class='ocrx_word' id='word_1_158' title='bbox 170 1865 254 1956; x_wconf 74' lang='grc' dir='ltr'><strong><em>τῦχῃ</em></strong></span> <span class='ocrx_word' id='word_1_159' title='bbox 277 1870 317 1955; x_wconf 80' lang='grc' dir='ltr'><strong><em>τῇ</em></strong></span> <span class='ocrx_word' id='word_1_160' title='bbox 337 1866 421 1954; x_wconf 81' lang='grc' dir='ltr'><strong><em>αῦτῇ</em></strong></span> <span class='ocrx_word' id='word_1_161' title='bbox 448 1864 551 1957; x_wconf 79' lang='grc' dir='ltr'><strong><em>ἦμὲρρ</em></strong></span> <span class='ocrx_word' id='word_1_162' title='bbox 577 1866 653 1952; x_wconf 72' lang='grc' dir='ltr'><strong><em>ἀὴρ,</em></strong></span> <span class='ocrx_word' id='word_1_163' title='bbox 676 1863 858 1930; x_wconf 81' lang='grc' dir='ltr'><strong><em>διοδεῦοοσι</em></strong></span> <span class='ocrx_word' id='word_1_164' title='bbox 879 1862 933 1927; x_wconf 80' lang='grc' dir='ltr'><strong><em>διὰ</em></strong></span> <span class='ocrx_word' id='word_1_165' title='bbox 954 1865 1012 1927; x_wconf 88' lang='grc' dir='ltr'><strong><em>τοῦ</em></strong></span> <span class='ocrx_word' id='word_1_166' title='bbox 1038 1860 1187 1945; x_wconf 77' lang='grc' dir='ltr'><strong><em>ἐμβόλου,</em></strong></span> <span class='ocrx_word' id='word_1_167' title='bbox 1210 1862 1268 1925; x_wconf 78' lang='grc' dir='ltr'><strong><em>καὶ</em></strong></span> <span class='ocrx_word' id='word_1_168' title='bbox 1293 1859 1298 1871; x_wconf 91' lang='grc'>’</span> 
     </span>
     <span class='ocr_line' id='line_1_19' title="bbox 171 1959 1264 2055; baseline -0.006 -25"><span class='ocrx_word' id='word_1_169' title='bbox 171 1960 362 2050; x_wconf 78' lang='grc' dir='ltr'><strong><em>ῦνέρχονται</em></strong></span> <span class='ocrx_word' id='word_1_170' title='bbox 382 1968 416 2030; x_wconf 83' lang='grc' dir='ltr'><strong><em>ἐν</em></strong></span> <span class='ocrx_word' id='word_1_171' title='bbox 438 1968 483 2055; x_wconf 69' lang='grc' dir='ltr'><strong><em>τρῖ</em></strong></span> <span class='ocrx_word' id='word_1_172' title='bbox 502 1966 557 2030; x_wconf 92' lang='grc' dir='ltr'><strong><em>τοῦ</em></strong></span> <span class='ocrx_word' id='word_1_173' title='bbox 579 1962 682 2052; x_wconf 84' lang='grc' dir='ltr'><strong><em>φόρου</em></strong></span> <span class='ocrx_word' id='word_1_174' title='bbox 705 1960 837 2051; x_wconf 79' lang='grc' dir='ltr'><strong><em>σινάτιρ,</em></strong></span> <span class='ocrx_word' id='word_1_175' title='bbox 865 1963 921 2028; x_wconf 72' lang='grc' dir='ltr'><strong><em>κατ’</em></strong></span> <span class='ocrx_word' id='word_1_176' title='bbox 940 1964 1067 2028; x_wconf 72' lang='grc' dir='ltr'><strong><em>ἵσταται</em></strong></span> <span class='ocrx_word' id='word_1_177' title='bbox 1086 1959 1264 2041; x_wconf 83' lang='grc' dir='ltr'><strong><em>ἀντιμίσιον</em></strong></span> 
     </span>
     <span class='ocr_line' id='line_1_20' title="bbox 172 2051 1270 2145; baseline -0.004 -18"><span class='ocrx_word' id='word_1_178' title='bbox 172 2060 236 2128; x_wconf 74' lang='lat' dir='ltr'>cirri</span> <span class='ocrx_word' id='word_1_179' title='bbox 251 2061 370 2145; x_wconf 81' lang='grc' dir='ltr'><strong><em>μεταξῦ</em></strong></span> <span class='ocrx_word' id='word_1_180' title='bbox 386 2067 444 2129; x_wconf 92' lang='grc' dir='ltr'><strong><em>τοῦ</em></strong></span> <span class='ocrx_word' id='word_1_181' title='bbox 463 2062 591 2130; x_wconf 79' lang='grc' dir='ltr'><strong><em>σινέτσο</em></strong></span> <span class='ocrx_word' id='word_1_182' title='bbox 601 2114 612 2145; x_wconf 96' lang='grc'><strong><em>,</em></strong></span> <span class='ocrx_word' id='word_1_183' title='bbox 642 2060 697 2127; x_wconf 74' lang='grc' dir='ltr'><strong><em>κατ’</em></strong></span> <span class='ocrx_word' id='word_1_184' title='bbox 712 2069 799 2128; x_wconf 81' lang='grc' dir='ltr'><strong><em>τελεῖ</em></strong></span> <span class='ocrx_word' id='word_1_185' title='bbox 812 2060 853 2126; x_wconf 82' lang='grc' dir='ltr'><strong><em>τὰ</em></strong></span> <span class='ocrx_word' id='word_1_186' title='bbox 874 2056 999 2125; x_wconf 77' lang='grc' dir='ltr'><strong><em>ἅπαντα</em></strong></span> <span class='ocrx_word' id='word_1_187' title='bbox 1017 2062 1137 2141; x_wconf 82' lang='grc' dir='ltr'><strong><em>έκτῖσε,</em></strong></span> <span class='ocrx_word' id='word_1_188' title='bbox 1156 2051 1203 2123; x_wconf 76' lang='grc' dir='ltr'><strong><em>ὦν</em></strong></span> <span class='ocrx_word' id='word_1_189' title='bbox 1221 2056 1270 2123; x_wconf 81' lang='grc' dir='ltr'><strong><em>οἶ-’</em></strong></span> 
     </span>
     <span class='ocr_line' id='line_1_21' title="bbox 125 2154 1264 2247; baseline -0.003 -24"><span class='ocrx_word' id='word_1_190' title='bbox 125 2160 329 2236; x_wconf 51' lang='lat' dir='ltr'>munierimus</span> <span class='ocrx_word' id='word_1_191' title='bbox 347 2161 516 2247; x_wconf 76' lang='grc' dir='ltr'><strong><em>εἰρήκαμεν</em></strong></span> <span class='ocrx_word' id='word_1_192' title='bbox 522 2213 533 2243; x_wconf 94' lang='grc'><strong><em>,</em></strong></span> <span class='ocrx_word' id='word_1_193' title='bbox 567 2162 624 2227; x_wconf 78' lang='grc' dir='ltr'><strong><em>καί</em></strong></span> <span class='ocrx_word' id='word_1_194' title='bbox 651 2158 745 2225; x_wconf 81' lang='grc' dir='ltr'><strong><em>πάλιν</em></strong></span> <span class='ocrx_word' id='word_1_195' title='bbox 769 2158 825 2224; x_wconf 87' lang='grc' dir='ltr'><strong><em>διοὶ</em></strong></span> <span class='ocrx_word' id='word_1_196' title='bbox 843 2160 902 2225; x_wconf 91' lang='grc' dir='ltr'><strong><em>τοῦ</em></strong></span> <span class='ocrx_word' id='word_1_197' title='bbox 928 2154 1031 2224; x_wconf 85' lang='grc' dir='ltr'><strong><em>αῦτοῦ</em></strong></span> <span class='ocrx_word' id='word_1_198' title='bbox 1050 2158 1188 2240; x_wconf 76' lang='grc' dir='ltr'><strong><em>ἐμβόλου</em></strong></span> <span class='ocrx_word' id='word_1_199' title='bbox 1204 2182 1264 2220; x_wconf 84' lang='grc' dir='ltr'><strong><em>κα-</em></strong></span> 
     </span>
     <span class='ocr_line' id='line_1_22' title="bbox 167 2250 1262 2346; baseline -0.004 -23"><span class='ocrx_word' id='word_1_200' title='bbox 167 2263 314 2345; x_wconf 91' lang='grc' dir='ltr'><strong><em>τέρχεται</em></strong></span> <span class='ocrx_word' id='word_1_201' title='bbox 332 2262 388 2324; x_wconf 80' lang='grc' dir='ltr'><strong><em>καί</em></strong></span> <span class='ocrx_word' id='word_1_202' title='bbox 406 2250 620 2343; x_wconf 84' lang='grc' dir='ltr'><strong><em>τοῦλαῦσοο,</em></strong></span> <span class='ocrx_word' id='word_1_203' title='bbox 643 2263 698 2325; x_wconf 80' lang='grc' dir='ltr'><strong><em>καί</em></strong></span> <span class='ocrx_word' id='word_1_204' title='bbox 713 2257 881 2346; x_wconf 77' lang='grc' dir='ltr'><strong><em>ἀριστερόν</em></strong></span> <span class='ocrx_word' id='word_1_205' title='bbox 897 2261 1057 2340; x_wconf 75' lang='grc' dir='ltr'><strong><em>ἐκκλίνας,</em></strong></span> <span class='ocrx_word' id='word_1_206' title='bbox 1089 2257 1262 2343; x_wconf 80' lang='grc' dir='ltr'><strong><em>ἀπέρχεται</em></strong></span> 
     </span>
     <span class='ocr_line' id='line_1_23' title="bbox 166 2351 1294 2446; baseline -0.003 -25"><span class='ocrx_word' id='word_1_207' title='bbox 166 2358 213 2434; x_wconf 83' lang='grc' dir='ltr'><strong><em>εἷς</em></strong></span> <span class='ocrx_word' id='word_1_208' title='bbox 227 2356 267 2424; x_wconf 76' lang='grc' dir='ltr'><strong><em>τὰ</em></strong></span> <span class='ocrx_word' id='word_1_209' title='bbox 284 2357 529 2446; x_wconf 81' lang='grc' dir='ltr'><strong><em>χαλκοπράτεια.</em></strong></span> <span class='ocrx_word' id='word_1_210' title='bbox 571 2361 682 2442; x_wconf 85' lang='grc' dir='ltr'><strong><em>ἰστέον,</em></strong></span> <span class='ocrx_word' id='word_1_211' title='bbox 704 2354 755 2425; x_wconf 74' lang='grc' dir='ltr'><strong><em>ὅτι</em></strong></span> <span class='ocrx_word' id='word_1_212' title='bbox 771 2362 873 2424; x_wconf 89' lang='grc' dir='ltr'><strong><em>ταῦτα</em></strong></span> <span class='ocrx_word' id='word_1_213' title='bbox 892 2356 993 2424; x_wconf 78' lang='grc' dir='ltr'><strong><em>πάντα</em></strong></span> <span class='ocrx_word' id='word_1_214' title='bbox 1010 2363 1158 2440; x_wconf 82' lang='grc' dir='ltr'><strong><em>τελεῖται,</em></strong></span> <span class='ocrx_word' id='word_1_215' title='bbox 1178 2351 1294 2439; x_wconf 60' lang='lat' dir='ltr'>nitiva</span> 
     </span>
     <span class='ocr_line' id='line_1_24' title="bbox 168 2453 1260 2545; baseline -0.003 -25"><span class='ocrx_word' id='word_1_216' title='bbox 168 2454 190 2519; x_wconf 81' lang='grc' dir='ltr'><strong><em>δ</em></strong></span> <span class='ocrx_word' id='word_1_217' title='bbox 213 2455 364 2539; x_wconf 78' lang='grc' dir='ltr'><strong><em>βασιλεῦς</em></strong></span> <span class='ocrx_word' id='word_1_218' title='bbox 380 2459 439 2522; x_wconf 81' lang='grc' dir='ltr'><strong><em>οῦκ</em></strong></span> <span class='ocrx_word' id='word_1_219' title='bbox 460 2453 632 2545; x_wconf 71' lang='grc' dir='ltr'><strong><em>ἀνέρχεται</em></strong></span> <span class='ocrx_word' id='word_1_220' title='bbox 646 2461 719 2525; x_wconf 84' lang='grc' dir='ltr'><strong><em>νυνί</em></strong></span> <span class='ocrx_word' id='word_1_221' title='bbox 731 2459 766 2523; x_wconf 81' lang='grc' dir='ltr'><strong><em>έν</em></strong></span> <span class='ocrx_word' id='word_1_222' title='bbox 788 2466 855 2535; x_wconf 83' lang='grc' dir='ltr'><strong><em>τοῖς</em></strong></span> <span class='ocrx_word' id='word_1_223' title='bbox 870 2458 1159 2543; x_wconf 72' lang='grc' dir='ltr'><strong><em>κατηχοομενειλνις,</em></strong></span> <span class='ocrx_word' id='word_1_224' title='bbox 1188 2456 1260 2518; x_wconf 75' lang='grc' dir='ltr'><strong><em>ἀλλ’</em></strong></span> 
     </span>
     <span class='ocr_line' id='line_1_25' title="bbox 166 2550 1258 2644; baseline -0.003 -25"><span class='ocrx_word' id='word_1_225' title='bbox 166 2555 214 2632; x_wconf 74' lang='grc' dir='ltr'><strong><em>εἰς</em></strong></span> <span class='ocrx_word' id='word_1_226' title='bbox 231 2555 290 2640; x_wconf 77' lang='grc' dir='ltr'><strong><em>τὴν</em></strong></span> <span class='ocrx_word' id='word_1_227' title='bbox 312 2556 464 2644; x_wconf 70' lang='grc' dir='ltr'><strong><em>τροπικὴν</em></strong></span> <span class='ocrx_word' id='word_1_228' title='bbox 487 2551 589 2633; x_wconf 74' lang='grc' dir='ltr'><strong><em>ἑστώς</em></strong></span> <span class='ocrx_word' id='word_1_229' title='bbox 615 2560 671 2642; x_wconf 76' lang='grc' dir='ltr'><strong><em>τῆς</em></strong></span> <span class='ocrx_word' id='word_1_230' title='bbox 697 2556 790 2641; x_wconf 78' lang='grc' dir='ltr'><strong><em>ἁγίας</em></strong></span> <span class='ocrx_word' id='word_1_231' title='bbox 818 2559 933 2644; x_wconf 90' lang='grc' dir='ltr'><strong><em>σοροῦ,</em></strong></span> <span class='ocrx_word' id='word_1_232' title='bbox 970 2556 1068 2620; x_wconf 79' lang='grc' dir='ltr'><strong><em>ἐκεῖσε</em></strong></span> <span class='ocrx_word' id='word_1_233' title='bbox 1093 2559 1180 2618; x_wconf 80' lang='grc' dir='ltr'><strong><em>τελεῖ</em></strong></span> <span class='ocrx_word' id='word_1_234' title='bbox 1200 2550 1258 2636; x_wconf 75' lang='grc' dir='ltr'><strong><em>τὴν</em></strong></span> 
     </span>
     <span class='ocr_line' id='line_1_26' title="bbox 229 2677 1261 2768; baseline -0.005 -21"><span class='ocrx_word' id='word_1_235' title='bbox 229 2689 256 2747; x_wconf 80' lang='lat'><strong><em>8.</em></strong></span> <span class='ocrx_word' id='word_1_236' title='bbox 274 2677 308 2745; x_wconf 83' lang='grc' dir='ltr'><strong><em>τῦ</em></strong></span> <span class='ocrx_word' id='word_1_237' title='bbox 323 2680 458 2768; x_wconf 75' lang='grc' dir='ltr'><strong><em>χρυσστρ.</em></strong></span> <span class='ocrx_word' id='word_1_238' title='bbox 474 2689 516 2745; x_wconf 75' lang='grc' dir='ltr'><strong><em>εδ,</em></strong></span> <span class='ocrx_word' id='word_1_239' title='bbox 570 2684 819 2750; x_wconf 75' lang='grc' dir='ltr'><strong><em>ι8.1στανταιεῖλ</em></strong></span> <span class='ocrx_word' id='word_1_240' title='bbox 878 2684 1261 2762; x_wconf 68' lang='lat' dir='ltr'>19.rsrrrrasrr.eoni.1t·</span> 
     </span>
    </p>
   </div>
   <div class='ocr_carea' id='block_1_3' title="bbox 144 2812 1263 4078">
    <p class='ocr_par' dir='ltr' id='par_1_3' title="bbox 144 2812 1263 4078">
     <span class='ocr_line' id='line_1_27' title="bbox 159 2812 1255 2884; baseline 0.001 -23"><span class='ocrx_word' id='word_1_241' title='bbox 159 2815 269 2882; x_wconf 81' lang='lat' dir='ltr'>portam</span> <span class='ocrx_word' id='word_1_242' title='bbox 287 2813 382 2882; x_wconf 91' lang='lat' dir='ltr'>templi</span> <span class='ocrx_word' id='word_1_243' title='bbox 396 2813 509 2865; x_wconf 84' lang='lat' dir='ltr'><strong>Domini</strong></span> <span class='ocrx_word' id='word_1_244' title='bbox 524 2819 691 2883; x_wconf 79' lang='lat' dir='ltr'>exspectant.</span> <span class='ocrx_word' id='word_1_245' title='bbox 726 2814 896 2884; x_wconf 73' lang='lat' dir='ltr'>Imperatore</span> <span class='ocrx_word' id='word_1_246' title='bbox 908 2818 1015 2882; x_wconf 86' lang='lat' dir='ltr'>portam</span> <span class='ocrx_word' id='word_1_247' title='bbox 1032 2812 1170 2880; x_wconf 77' lang='lat' dir='ltr'>ingresso,</span> <span class='ocrx_word' id='word_1_248' title='bbox 1194 2825 1255 2863; x_wconf 84' lang='lat' dir='ltr'><strong><em>eam</em></strong></span> 
     </span>
     <span class='ocr_line' id='line_1_28' title="bbox 160 2880 1256 2956; baseline 0 -24"><span class='ocrx_word' id='word_1_249' title='bbox 160 2880 326 2933; x_wconf 81' lang='lat' dir='ltr'>cubicularii</span> <span class='ocrx_word' id='word_1_250' title='bbox 343 2883 519 2947; x_wconf 85' lang='lat' dir='ltr'>custodiunt,</span> <span class='ocrx_word' id='word_1_251' title='bbox 537 2891 566 2935; x_wconf 89' lang='lat' dir='ltr'>et</span> <span class='ocrx_word' id='word_1_252' title='bbox 586 2883 705 2935; x_wconf 75' lang='lat' dir='ltr'>sarmium</span> <span class='ocrx_word' id='word_1_253' title='bbox 723 2899 755 2934; x_wconf 79' lang='lat' dir='ltr'><strong><em>nc</em></strong></span> <span class='ocrx_word' id='word_1_254' title='bbox 770 2883 932 2936; x_wconf 82' lang='lat' dir='ltr'>diuturnum</span> <span class='ocrx_word' id='word_1_255' title='bbox 952 2881 1100 2956; x_wconf 82' lang='lat' dir='ltr'>imperium</span> <span class='ocrx_word' id='word_1_256' title='bbox 1111 2880 1138 2932; x_wconf 86' lang='lat' dir='ltr'>ei</span> <span class='ocrx_word' id='word_1_257' title='bbox 1155 2897 1256 2950; x_wconf 78' lang='lat' dir='ltr'>appre-</span> 
     </span>
     <span class='ocr_line' id='line_1_29' title="bbox 161 2952 1259 3024; baseline 0.003 -23"><span class='ocrx_word' id='word_1_258' title='bbox 161 2959 266 3005; x_wconf 83' lang='lat' dir='ltr'>cantur.</span> <span class='ocrx_word' id='word_1_259' title='bbox 304 2953 478 3023; x_wconf 84' lang='lat' dir='ltr'>Praepositus</span> <span class='ocrx_word' id='word_1_260' title='bbox 493 2953 527 3004; x_wconf 88' lang='lat' dir='ltr'>ab</span> <span class='ocrx_word' id='word_1_261' title='bbox 546 2955 720 3023; x_wconf 87' lang='lat' dir='ltr'>Imperatoris</span> <span class='ocrx_word' id='word_1_262' title='bbox 737 2955 827 3024; x_wconf 86' lang='lat' dir='ltr'>capite</span> <span class='ocrx_word' id='word_1_263' title='bbox 843 2969 973 3005; x_wconf 83' lang='lat' dir='ltr'>coronam</span> <span class='ocrx_word' id='word_1_264' title='bbox 996 2952 1097 3015; x_wconf 83' lang='lat' dir='ltr'>demit,</span> <span class='ocrx_word' id='word_1_265' title='bbox 1120 2952 1168 3022; x_wconf 89' lang='lat' dir='ltr'><strong><em>qui</em></strong></span> <span class='ocrx_word' id='word_1_266' title='bbox 1184 2960 1259 3004; x_wconf 85' lang='lat' dir='ltr'>tem-</span> 
     </span>
     <span class='ocr_line' id='line_1_30' title="bbox 158 3020 1256 3096; baseline 0.003 -25"><span class='ocrx_word' id='word_1_267' title='bbox 158 3020 237 3091; x_wconf 86' lang='lat' dir='ltr'><strong>plum</strong></span> <span class='ocrx_word' id='word_1_268' title='bbox 255 3023 366 3073; x_wconf 82' lang='lat' dir='ltr'>Domini</span> <span class='ocrx_word' id='word_1_269' title='bbox 396 3024 531 3092; x_wconf 79' lang='lat' dir='ltr'>ingressus</span> <span class='ocrx_word' id='word_1_270' title='bbox 554 3039 672 3094; x_wconf 86' lang='lat' dir='ltr'>cumque</span> <span class='ocrx_word' id='word_1_271' title='bbox 687 3025 772 3074; x_wconf 89' lang='lat' dir='ltr'>cereis</span> <span class='ocrx_word' id='word_1_272' title='bbox 784 3025 904 3075; x_wconf 83' lang='lat' dir='ltr'>accensis</span> <span class='ocrx_word' id='word_1_273' title='bbox 918 3031 1059 3096; x_wconf 83' lang='lat' dir='ltr'>precatus,</span> <span class='ocrx_word' id='word_1_274' title='bbox 1078 3037 1124 3073; x_wconf 86' lang='lat' dir='ltr'><strong><em>cos</em></strong></span> <span class='ocrx_word' id='word_1_275' title='bbox 1135 3037 1256 3092; x_wconf 85' lang='lat' dir='ltr'>praepo-</span> 
     </span>
     <span class='ocr_line' id='line_1_31' title="bbox 158 3091 1255 3164; baseline 0.005 -25"><span class='ocrx_word' id='word_1_276' title='bbox 158 3091 213 3140; x_wconf 84' lang='lat' dir='ltr'>sito</span> <span class='ocrx_word' id='word_1_277' title='bbox 229 3091 314 3142; x_wconf 84' lang='lat' dir='ltr'>trudit</span> <span class='ocrx_word' id='word_1_278' title='bbox 330 3107 436 3164; x_wconf 80' lang='lat' dir='ltr'>perque</span> <span class='ocrx_word' id='word_1_279' title='bbox 452 3096 573 3162; x_wconf 88' lang='lat' dir='ltr'>porticus</span> <span class='ocrx_word' id='word_1_280' title='bbox 586 3093 697 3146; x_wconf 86' lang='lat' dir='ltr'>Domini</span> <span class='ocrx_word' id='word_1_281' title='bbox 712 3094 883 3145; x_wconf 86' lang='lat' dir='ltr'>triconchum</span> <span class='ocrx_word' id='word_1_282' title='bbox 898 3095 992 3157; x_wconf 80' lang='lat' dir='ltr'>intrat,</span> <span class='ocrx_word' id='word_1_283' title='bbox 1010 3091 1112 3146; x_wconf 84' lang='lat' dir='ltr'>deinde</span> <span class='ocrx_word' id='word_1_284' title='bbox 1125 3106 1176 3161; x_wconf 86' lang='lat' dir='ltr'><strong><em>per</em></strong></span> <span class='ocrx_word' id='word_1_285' title='bbox 1189 3109 1255 3162; x_wconf 88' lang='lat' dir='ltr'>por-</span> 
     </span>
     <span class='ocr_line' id='line_1_32' title="bbox 154 3159 1252 3233; baseline 0.005 -23"><span class='ocrx_word' id='word_1_286' title='bbox 154 3159 225 3212; x_wconf 82' lang='lat' dir='ltr'>ticus</span> <span class='ocrx_word' id='word_1_287' title='bbox 239 3160 419 3232; x_wconf 82' lang='lat' dir='ltr'>quadraginta</span> <span class='ocrx_word' id='word_1_288' title='bbox 434 3172 591 3215; x_wconf 80' lang='lat' dir='ltr'>sanctorum</span> <span class='ocrx_word' id='word_1_289' title='bbox 607 3163 642 3214; x_wconf 85' lang='lat' dir='ltr'>ad</span> <span class='ocrx_word' id='word_1_290' title='bbox 658 3180 773 3214; x_wconf 81' lang='lat' dir='ltr'>aureum</span> <span class='ocrx_word' id='word_1_291' title='bbox 791 3165 942 3216; x_wconf 84' lang='lat' dir='ltr'>triclinium</span> <span class='ocrx_word' id='word_1_292' title='bbox 959 3164 1033 3228; x_wconf 80' lang='lat' dir='ltr'>abit,</span> <span class='ocrx_word' id='word_1_293' title='bbox 1058 3163 1168 3233; x_wconf 86' lang='lat' dir='ltr'>patricii</span> <span class='ocrx_word' id='word_1_294' title='bbox 1187 3178 1252 3215; x_wconf 85' lang='lat' dir='ltr'>vcro</span> 
     </span>
     <span class='ocr_line' id='line_1_33' title="bbox 155 3232 1263 3317; baseline 0.004 -37"><span class='ocrx_word' id='word_1_295' title='bbox 155 3236 184 3281; x_wconf 85' lang='lat' dir='ltr'><strong><em>ut</em></strong></span> <span class='ocrx_word' id='word_1_296' title='bbox 198 3232 282 3282; x_wconf 83' lang='lat' dir='ltr'>ceteri</span> <span class='ocrx_word' id='word_1_297' title='bbox 300 3247 349 3301; x_wconf 89' lang='lat' dir='ltr'><strong><em>per</em></strong></span> <span class='ocrx_word' id='word_1_298' title='bbox 369 3233 480 3284; x_wconf 87' lang='lat' dir='ltr'>ianuam</span> <span class='ocrx_word' id='word_1_299' title='bbox 506 3234 606 3286; x_wconf 84' lang='lat' dir='ltr'>aerarii</span> <span class='ocrx_word' id='word_1_300' title='bbox 630 3235 782 3286; x_wconf 77' lang='lat' dir='ltr'>lauriacum</span> <span class='ocrx_word' id='word_1_301' title='bbox 807 3235 1009 3304; x_wconf 75' lang='lat' dir='ltr'>ingrediuntur.</span> <span class='ocrx_word' id='word_1_302' title='bbox 1051 3234 1188 3303; x_wconf 83' lang='lat' dir='ltr'>Tempore</span> <span class='ocrx_word' id='word_1_303' title='bbox 1211 3251 1263 3317; x_wconf 88' lang='lat' dir='ltr'>ap-</span> 
     </span>
     <span class='ocr_line' id='line_1_34' title="bbox 153 3287 1254 3417; baseline 0.007 -67"><span class='ocrx_word' id='word_1_304' title='bbox 153 3300 376 3417; x_wconf 81' lang='lat' dir='ltr'>propinquante‚</span> <span class='ocrx_word' id='word_1_305' title='bbox 404 3306 556 3373; x_wconf 79' lang='lat' dir='ltr'>Imperator</span> <span class='ocrx_word' id='word_1_306' title='bbox 577 3287 703 3374; x_wconf 82' lang='lat' dir='ltr'>procedit</span> <span class='ocrx_word' id='word_1_307' title='bbox 727 3322 845 3375; x_wconf 85' lang='lat' dir='ltr'>cumque</span> <span class='ocrx_word' id='word_1_308' title='bbox 859 3303 1036 3376; x_wconf 73' lang='lat' dir='ltr'>proceribus,</span> <span class='ocrx_word' id='word_1_309' title='bbox 1062 3319 1131 3374; x_wconf 89' lang='lat' dir='ltr'>quos</span> <span class='ocrx_word' id='word_1_310' title='bbox 1153 3319 1185 3353; x_wconf 91' lang='lat' dir='ltr'>eo</span> <span class='ocrx_word' id='word_1_311' title='bbox 1207 3303 1254 3358; x_wconf 82' lang='lat' dir='ltr'><strong><em>dre</em></strong></span> 
     </span>
     <span class='ocr_line' id='line_1_35' title="bbox 165 3371 1253 3442; baseline 0.006 -21"><span class='ocrx_word' id='word_1_312' title='bbox 165 3371 265 3421; x_wconf 69' lang='lat' dir='ltr'>arctari</span> <span class='ocrx_word' id='word_1_313' title='bbox 278 3371 405 3435; x_wconf 84' lang='lat' dir='ltr'>iusserit,</span> <span class='ocrx_word' id='word_1_314' title='bbox 428 3374 568 3442; x_wconf 85' lang='lat' dir='ltr'>pretiosae</span> <span class='ocrx_word' id='word_1_315' title='bbox 589 3391 700 3426; x_wconf 80' lang='lat' dir='ltr'><strong>mensae</strong></span> <span class='ocrx_word' id='word_1_316' title='bbox 727 3392 793 3427; x_wconf 86' lang='lat' dir='ltr'>suae</span> <span class='ocrx_word' id='word_1_317' title='bbox 808 3377 918 3428; x_wconf 75' lang='lat' dir='ltr'>assidet„</span> <span class='ocrx_word' id='word_1_318' title='bbox 964 3371 1170 3428; x_wconf 82' lang='lat' dir='ltr'>Observandum</span> <span class='ocrx_word' id='word_1_319' title='bbox 1187 3389 1253 3427; x_wconf 80' lang='lat' dir='ltr'>vero</span> 
     </span>
     <span class='ocr_line' id='line_1_36' title="bbox 154 3441 1253 3512; baseline 0.006 -24"><span class='ocrx_word' id='word_1_320' title='bbox 154 3447 212 3500; x_wconf 89' lang='lat' dir='ltr'>est,</span> <span class='ocrx_word' id='word_1_321' title='bbox 231 3441 361 3509; x_wconf 83' lang='lat' dir='ltr'>patricios</span> <span class='ocrx_word' id='word_1_322' title='bbox 377 3451 406 3494; x_wconf 86' lang='lat' dir='ltr'>et</span> <span class='ocrx_word' id='word_1_323' title='bbox 425 3446 550 3496; x_wconf 82' lang='lat' dir='ltr'>convivas</span> <span class='ocrx_word' id='word_1_324' title='bbox 576 3461 670 3496; x_wconf 88' lang='lat' dir='ltr'>omnes</span> <span class='ocrx_word' id='word_1_325' title='bbox 686 3444 715 3495; x_wconf 91' lang='lat' dir='ltr'><strong><em>in</em></strong></span> <span class='ocrx_word' id='word_1_326' title='bbox 731 3447 887 3497; x_wconf 72' lang='lat' dir='ltr'>mutatoriis</span> <span class='ocrx_word' id='word_1_327' title='bbox 907 3445 966 3497; x_wconf 91' lang='lat' dir='ltr'>sine</span> <span class='ocrx_word' id='word_1_328' title='bbox 986 3445 1087 3496; x_wconf 89' lang='lat' dir='ltr'>tunicis</span> <span class='ocrx_word' id='word_1_329' title='bbox 1103 3441 1139 3493; x_wconf 84' lang='lat' dir='ltr'>ad</span> <span class='ocrx_word' id='word_1_330' title='bbox 1157 3443 1253 3512; x_wconf 80' lang='lat' dir='ltr'>epulas</span> 
     </span>
     <span class='ocr_line' id='line_1_37' title="bbox 152 3509 1253 3584; baseline 0.009 -27"><span class='ocrx_word' id='word_1_331' title='bbox 152 3509 265 3572; x_wconf 82' lang='lat' dir='ltr'>venire,</span> <span class='ocrx_word' id='word_1_332' title='bbox 285 3510 413 3565; x_wconf 87' lang='lat' dir='ltr'>cubiculo</span> <span class='ocrx_word' id='word_1_333' title='bbox 426 3529 490 3566; x_wconf 86' lang='lat' dir='ltr'>vero</span> <span class='ocrx_word' id='word_1_334' title='bbox 504 3515 659 3584; x_wconf 71' lang='lat' dir='ltr'>praefectos</span> <span class='ocrx_word' id='word_1_335' title='bbox 675 3516 744 3583; x_wconf 83' lang='lat' dir='ltr'>sagis</span> <span class='ocrx_word' id='word_1_336' title='bbox 762 3513 853 3567; x_wconf 87' lang='lat' dir='ltr'>rubris</span> <span class='ocrx_word' id='word_1_337' title='bbox 869 3515 999 3578; x_wconf 86' lang='lat' dir='ltr'>indutos,</span> <span class='ocrx_word' id='word_1_338' title='bbox 1019 3513 1156 3584; x_wconf 83' lang='lat' dir='ltr'>duplicem</span> <span class='ocrx_word' id='word_1_339' title='bbox 1172 3531 1253 3582; x_wconf 86' lang='lat' dir='ltr'>para-</span> 
     </span>
     <span class='ocr_line' id='line_1_38' title="bbox 152 3578 1253 3657; baseline 0.01 -30"><span class='ocrx_word' id='word_1_340' title='bbox 152 3578 295 3631; x_wconf 83' lang='lat' dir='ltr'>stasimum</span> <span class='ocrx_word' id='word_1_341' title='bbox 311 3596 345 3633; x_wconf 92' lang='lat' dir='ltr'>eo</span> <span class='ocrx_word' id='word_1_342' title='bbox 361 3583 407 3634; x_wconf 88' lang='lat' dir='ltr'>die</span> <span class='ocrx_word' id='word_1_343' title='bbox 420 3583 520 3647; x_wconf 83' lang='lat' dir='ltr'>iacere,</span> <span class='ocrx_word' id='word_1_344' title='bbox 538 3601 586 3636; x_wconf 90' lang='lat' dir='ltr'>seu</span> <span class='ocrx_word' id='word_1_345' title='bbox 603 3583 646 3636; x_wconf 92' lang='lat' dir='ltr'><strong><em>bis</em></strong></span> <span class='ocrx_word' id='word_1_346' title='bbox 661 3585 770 3636; x_wconf 82' lang='lat' dir='ltr'>solenni</span> <span class='ocrx_word' id='word_1_347' title='bbox 783 3587 838 3636; x_wconf 88' lang='lat' dir='ltr'>ritu</span> <span class='ocrx_word' id='word_1_348' title='bbox 856 3586 1018 3657; x_wconf 78' lang='lat' dir='ltr'>Imperatori</span> <span class='ocrx_word' id='word_1_349' title='bbox 1030 3585 1147 3638; x_wconf 79' lang='lat' dir='ltr'>adstare.</span> <span class='ocrx_word' id='word_1_350' title='bbox 1170 3584 1253 3638; x_wconf 83' lang='lat' dir='ltr'>Prae-</span> 
     </span>
     <span class='ocr_line' id='line_1_39' title="bbox 152 3650 1252 3730; baseline 0.01 -33"><span class='ocrx_word' id='word_1_351' title='bbox 152 3653 242 3730; x_wconf 73' lang='lat' dir='ltr'>terea,</span> <span class='ocrx_word' id='word_1_352' title='bbox 261 3650 286 3700; x_wconf 84' lang='lat' dir='ltr'><strong><em>ri</em></strong></span> <span class='ocrx_word' id='word_1_353' title='bbox 303 3667 350 3702; x_wconf 89' lang='lat' dir='ltr'><strong><em>aer</em></strong></span> <span class='ocrx_word' id='word_1_354' title='bbox 367 3668 400 3703; x_wconf 87' lang='lat' dir='ltr'>eo</span> <span class='ocrx_word' id='word_1_355' title='bbox 413 3651 458 3704; x_wconf 90' lang='lat' dir='ltr'>die</span> <span class='ocrx_word' id='word_1_356' title='bbox 478 3653 606 3706; x_wconf 89' lang='lat' dir='ltr'>turbidus</span> <span class='ocrx_word' id='word_1_357' title='bbox 620 3662 672 3720; x_wconf 83' lang='lat' dir='ltr'>est,</span> <span class='ocrx_word' id='word_1_358' title='bbox 688 3672 738 3724; x_wconf 88' lang='lat' dir='ltr'><strong><em>per</em></strong></span> <span class='ocrx_word' id='word_1_359' title='bbox 753 3657 891 3724; x_wconf 88' lang='lat' dir='ltr'>porticum</span> <span class='ocrx_word' id='word_1_360' title='bbox 907 3655 942 3707; x_wconf 88' lang='lat' dir='ltr'>ad</span> <span class='ocrx_word' id='word_1_361' title='bbox 958 3664 1083 3710; x_wconf 86' lang='lat' dir='ltr'>senatum</span> <span class='ocrx_word' id='word_1_362' title='bbox 1098 3653 1163 3724; x_wconf 89' lang='lat' dir='ltr'>(hoc</span> <span class='ocrx_word' id='word_1_363' title='bbox 1174 3655 1252 3708; x_wconf 80' lang='lat' dir='ltr'>aesli-</span> 
     </span>
     <span class='ocr_line' id='line_1_40' title="bbox 152 3718 1252 3794; baseline 0.01 -27"><span class='ocrx_word' id='word_1_364' title='bbox 152 3718 207 3768; x_wconf 84' lang='lat' dir='ltr'><strong><em>fion</em></strong></span> <span class='ocrx_word' id='word_1_365' title='bbox 220 3735 320 3771; x_wconf 87' lang='lat' dir='ltr'>nomen</span> <span class='ocrx_word' id='word_1_366' title='bbox 342 3724 445 3794; x_wconf 81' lang='lat' dir='ltr'>est)&#39;in</span> <span class='ocrx_word' id='word_1_367' title='bbox 466 3724 527 3776; x_wconf 88' lang='lat' dir='ltr'>Ioro</span> <span class='ocrx_word' id='word_1_368' title='bbox 548 3725 667 3788; x_wconf 83' lang='lat' dir='ltr'>abeunt,</span> <span class='ocrx_word' id='word_1_369' title='bbox 695 3735 724 3777; x_wconf 90' lang='lat' dir='ltr'>et</span> <span class='ocrx_word' id='word_1_370' title='bbox 744 3726 940 3778; x_wconf 86' lang='lat' dir='ltr'>antimensium</span> <span class='ocrx_word' id='word_1_371' title='bbox 959 3727 989 3777; x_wconf 90' lang='lat' dir='ltr'><strong><em>in</em></strong></span> <span class='ocrx_word' id='word_1_372' title='bbox 1006 3733 1103 3776; x_wconf 83' lang='lat' dir='ltr'>senatu</span> <span class='ocrx_word' id='word_1_373' title='bbox 1127 3734 1252 3793; x_wconf 84' lang='lat' dir='ltr'>ponunt,</span> 
     </span>
     <span class='ocr_line' id='line_1_41' title="bbox 150 3791 1263 3865; baseline 0.009 -27"><span class='ocrx_word' id='word_1_374' title='bbox 150 3795 241 3838; x_wconf 78' lang='lat' dir='ltr'>cetera</span> <span class='ocrx_word' id='word_1_375' title='bbox 256 3791 365 3855; x_wconf 85' lang='lat' dir='ltr'>omnia,</span> <span class='ocrx_word' id='word_1_376' title='bbox 382 3810 454 3864; x_wconf 82' lang='lat' dir='ltr'>quae</span> <span class='ocrx_word' id='word_1_377' title='bbox 476 3793 608 3846; x_wconf 83' lang='lat' dir='ltr'>hactenus</span> <span class='ocrx_word' id='word_1_378' title='bbox 625 3795 723 3847; x_wconf 88' lang='lat' dir='ltr'>ordine</span> <span class='ocrx_word' id='word_1_379' title='bbox 737 3799 929 3865; x_wconf 77' lang='lat' dir='ltr'>exposuimus,</span> <span class='ocrx_word' id='word_1_380' title='bbox 948 3794 1137 3856; x_wconf 77' lang='lat' dir='ltr'>observantur,</span> <span class='ocrx_word' id='word_1_381' title='bbox 1156 3803 1184 3845; x_wconf 88' lang='lat' dir='ltr'>et</span> <span class='ocrx_word' id='word_1_382' title='bbox 1196 3798 1263 3848; x_wconf 89' lang='lat' dir='ltr'>Im-·</span> 
     </span>
     <span class='ocr_line' id='line_1_42' title="bbox 148 3863 1250 3935; baseline 0.005 -27"><span class='ocrx_word' id='word_1_383' title='bbox 148 3865 259 3924; x_wconf 86' lang='lat' dir='ltr'>perator</span> <span class='ocrx_word' id='word_1_384' title='bbox 282 3879 375 3913; x_wconf 87' lang='lat' dir='ltr'>rursus</span> <span class='ocrx_word' id='word_1_385' title='bbox 392 3880 442 3932; x_wconf 87' lang='lat' dir='ltr'><strong><em>per</em></strong></span> <span class='ocrx_word' id='word_1_386' title='bbox 457 3863 575 3916; x_wconf 86' lang='lat' dir='ltr'>eandem</span> <span class='ocrx_word' id='word_1_387' title='bbox 613 3867 730 3918; x_wconf 86' lang='lat' dir='ltr'>orticum</span> <span class='ocrx_word' id='word_1_388' title='bbox 744 3883 793 3935; x_wconf 88' lang='lat' dir='ltr'><strong><em>per</em></strong></span> <span class='ocrx_word' id='word_1_389' title='bbox 815 3885 848 3918; x_wconf 88' lang='lat' dir='ltr'>ue</span> <span class='ocrx_word' id='word_1_390' title='bbox 862 3869 971 3921; x_wconf 79' lang='lat' dir='ltr'>lausum</span> <span class='ocrx_word' id='word_1_391' title='bbox 987 3865 1144 3927; x_wconf 80' lang='lat' dir='ltr'>deseendit,</span> <span class='ocrx_word' id='word_1_392' title='bbox 1169 3872 1197 3915; x_wconf 92' lang='lat' dir='ltr'>et</span> <span class='ocrx_word' id='word_1_393' title='bbox 1211 3865 1250 3915; x_wconf 85' lang='lat' dir='ltr'><strong><em>si-</em></strong></span> 
     </span>
     <span class='ocr_line' id='line_1_43' title="bbox 148 3883 1249 4006; baseline 0.006 -29"><span class='ocrx_word' id='word_1_394' title='bbox 148 3926 313 3982; x_wconf 81' lang='lat' dir='ltr'>nistrorsnm</span> <span class='ocrx_word' id='word_1_395' title='bbox 336 3933 491 3995; x_wconf 79' lang='lat' dir='ltr'>inclinans,</span> <span class='ocrx_word' id='word_1_396' title='bbox 518 3933 553 3985; x_wconf 85' lang='lat' dir='ltr'>ad</span> <span class='ocrx_word' id='word_1_397' title='bbox 576 3883 761 4006; x_wconf 62' lang='lat' dir='ltr'>ciiaicopratia</span> <span class='ocrx_word' id='word_1_398' title='bbox 779 3885 844 3990; x_wconf 66' lang='lat' dir='ltr'>aiio</span> <span class='ocrx_word' id='word_1_399' title='bbox 891 3937 1048 3998; x_wconf 82' lang='lat' dir='ltr'>Sciendum,</span> <span class='ocrx_word' id='word_1_400' title='bbox 1065 3935 1134 3987; x_wconf 84' lang='lat' dir='ltr'>hacc</span> <span class='ocrx_word' id='word_1_401' title='bbox 1156 3936 1249 3986; x_wconf 77' lang='lat' dir='ltr'>omnIa</span> 
     </span>
     <span class='ocr_line' id='line_1_44' title="bbox 144 3995 1248 4078; baseline 0.007 -27"><span class='ocrx_word' id='word_1_402' title='bbox 144 3995 305 4064; x_wconf 78' lang='lat' dir='ltr'>observari,</span> <span class='ocrx_word' id='word_1_403' title='bbox 329 4003 624 4076; x_wconf 78' lang='lat' dir='ltr'>praeterquamquod</span> <span class='ocrx_word' id='word_1_404' title='bbox 646 4007 800 4078; x_wconf 83' lang='lat' dir='ltr'>Imperator</span> <span class='ocrx_word' id='word_1_405' title='bbox 821 4024 896 4062; x_wconf 89' lang='lat' dir='ltr'>nuuc</span> <span class='ocrx_word' id='word_1_406' title='bbox 915 4007 951 4061; x_wconf 80' lang='lat' dir='ltr'><strong><em>nsi</em></strong></span> <span class='ocrx_word' id='word_1_407' title='bbox 978 4005 1172 4061; x_wconf 80' lang='lat' dir='ltr'>catechumena</span> <span class='ocrx_word' id='word_1_408' title='bbox 1192 4020 1248 4057; x_wconf 81' lang='lat' dir='ltr'><strong><em>non</em></strong></span> 
     </span>
    </p>
   </div>
   <div class='ocr_carea' id='block_1_4' title="bbox 0 0 1526 4825">
    <p class='ocr_par' dir='ltr' id='par_1_4' title="bbox 0 0 1526 4825">
     <span class='ocr_line' id='line_1_45' title="bbox 0 0 1526 4825; baseline 0 12"><span class='ocrx_word' id='word_1_409' title='bbox 0 0 1526 4825; x_wconf 95' lang='lat' dir='ltr'><strong><em> </em></strong></span> 
     </span>
    </p>
   </div>
  </div>
 </body>
</html>
