3042 4825
268 174 351 259 260
468 196 741 265 conectuntur
770 199 1136 267 νοονιτνιιοαιιιοτι

264 354 321 420 κατ’
346 356 431 437 λέγει
461 350 684 437 „sassinate”
725 354 809 444 (Γ.)
838 356 912 422 Κατ’
941 351 1112 440 ἐπεύχεται
1137 352 1159 441 ἦ
1188 352 1360 438 σύγκλητος

263 458 321 520 καί
339 455 519 538 ἐξέρχεται,
542 456 764 541 σονεξέρχεται
787 456 823 521 δέ
843 453 937 541 sati]
959 458 1136 537 ζωσθεῖσα,
1157 452 1215 517 καί
1231 454 1360 536 λαμβά·

261 578 310 621 νει
329 551 388 629 τάς
408 548 531 631 πλάκας
551 548 653 638 αάτῆς
673 549 892 641 σιλεντιάριος,
911 557 969 619 καί
985 558 1146 641 ἐξέρχεται
1164 555 1209 630 εἰς
1226 551 1261 616 τά
1277 558 1360 617 tau*

261 651 391 735 σιακόν,
424 650 632 737 ὄψικεοομένη
663 651 728 717 ἀπὸ
763 656 982 740 σιλεντιαρίων
1000 656 1059 717 καί
1087 652 1358 736 κοοβικοολαρίων

260 749 445 841 φορούντων
462 754 613 836 χλανίάια
633 750 749 834 λευκά,
785 755 842 817 καί
861 754 1034 840 ἀπέρχεται
1054 755 1110 819 tut
1128 749 1188 838 την
1205 748 1376 838 τροπικηνὸ

259 854 319 917 τοῦ
338 854 533 934 λαοσιακοῦ,
553 854 610 917 καί
626 853 684 915 οάκ
704 853 893 939 ἐξέρχεται,
915 851 995 918 ἔνθα
1015 854 1099 919 εὀτίν
1117 848 1138 936 ἡ
1159 854 1356 939 προέλεοσις,

260 952 331 1017 ἀλλ’
350 952 407 1017 ine*
423 951 476 1016 τὸν
494 947 596 1036 ἔρωτα
606 1000 617 1033 ,
636 954 695 1016 καί
714 952 854 1036 ἐκβαίνει
873 954 929 1017 ἕπί
946 950 980 1017 τὸ
1001 953 1133 1037 πλαγίον
1152 955 1209 1036 τῆς
1227 944 1356 1032 μαναά·
1414 1001 1419 1011 .

262 1048 341 1135 ρας,
361 1050 419 1114 καί
436 1048 492 1113 ε’πέ
510 1047 564 1115 τὸν
583 1044 738 1136 μάκρωνα
759 1055 824 1119 ταῖν
843 1048 1042 1117 κανάιδάτων
1062 1051 1108 1127 εἰς
1126 1047 1165 1115 τά
1187 1044 1354 1131 έξκοάβιτα

232 1148 317 1221 nuos*
335 1145 390 1212 διά
410 1148 473 1211 τάν
491 1150 625 1231 σχολάν,
651 1150 708 1214 καί
727 1151 875 1233 δέχονται
895 1147 934 1216 τά
953 1153 1056 1237 μέρη,
1078 1148 1125 1224 ἀς
1139 1149 1195 1213 ἐπί
1208 1149 1272 1214 τῶν
1290 1172 1356 1211 ιτα·

257 1248 396 1333 τρικίων,
417 1244 573 1328 λαμβάνει
593 1248 650 1313 καί
668 1246 870 1336 λιβελλάριον
889 1248 979 1335 παρά
1000 1254 1064 1313 τῶν
1084 1245 1277 1334 δημάρχων,
1296 1244 1394 1311 καίεο

256 1345 463 1429 ἀκτολογοῦσι
482 1342 520 1411 τά
539 1348 644 1433 μέρη,
677 1345 721 1424 ὥς
741 1346 762 1434 ἦ
784 1348 939 1433 συνήθεια
965 1346 1051 1431 ἔχει.
1091 1348 1148 1413 καί
1180 1348 1353 1431 ἀπέρχεται

255 1443 311 1509 διά
332 1449 392 1509 τοῦ
408 1448 511 1529 χυτοῦ
530 1449 584 1533 τῆς
601 1450 724 1531 χαλκῆς
746 1450 792 1522 εἰς
812 1443 848 1511 τά
869 1444 959 1532 άχιον
980 1446 1104 1534 φρέαρ,
1135 1448 1193 1510 καί
1209 1446 1353 1530 είσέρχεα

253 1570 306 1609 ται
327 1546 361 1611 ἕν
379 1546 423 1634 τῷ
441 1549 507 1633 ναῷ
527 1548 573 1622 εἷς
593 1544 634 1611 τά
657 1542 731 1629 άγια
751 1550 873 1632 θορία,
906 1544 986 1611 ἔνθα
1015 1542 1180 1632 πρόκειται
1205 1541 1240 1609 τά
1260 1544 1351 1607 ἀντι-’1

250 1648 378 1727 μίσιον,
410 1646 467 1709 καί
491 1646 630 1728 έκβαίνει
652 1645 671 1709 o‘
692 1641 897 1731 πατριάρχης
928 1642 990 1711 ἀπὸ
1017 1648 1077 1711 τοῦ
1104 1646 1350 1728 θυσιαστηρίου,

251 1745 311 1807 καί
328 1746 483 1826 λαμβάνει
503 1742 562 1819 τάς
581 1738 707 1819 πλάκας
726 1743 849 1829 αὐτῆς,
884 1746 942 1807 καί
967 1745 1094 1830 τίθησιν
1124 1741 1227 1819 αάτάς
1246 1743 1292 1817 εἰς
1309 1738 1391 1808 cciii

251 1843 446 1925 ἀντιμίσιον,
474 1844 531 1907 κατ’
549 1848 640 1905 ποιεῖ’
653 1836 771 1926 εάχὴν,
800 1841 844 1919 ἀς
865 1843 921 1907 ἕπτ’
938 1848 1002 1908 ταῖν
1021 1844 1214 1927 πατρικίων.
1254 1865 1349 1908 συνο-

250 1938 423 2023 ψικεάοοσι
444 1942 480 2005 δὲ
500 1939 603 2025 αάτὴν
626 1944 726 2027 μέχρι
744 1945 802 2025 τῆς
822 1941 987 2025 ἐκκλησίας
1007 1946 1064 2009 κατ’
1091 1940 1122 2007 οῖ
1142 1942 1352 2023 ἀξιωματικοί

251 2043 308 2104 καί
328 2038 357 2105 oi
377 2042 484 2104 λοιποί
501 2043 563 2105 τῶν
585 2032 782 2120 ἀξιωμάτων,
806 2044 864 2105 καί
882 2037 961 2105 ὅταν
980 2044 1196 2131 σομπληράση
1215 2039 1273 2126 την
1292 2040 1348 2104 esi·
1376 2049 1381 2060 '

247 2136 312 2224 χην
333 2136 351 2201 ὅ
371 2135 589 2225 πατριάρχης,
619 2140 806 2225 ἐπαίρουσιν
838 2138 943 2225 αάτην
964 2140 995 2204 οἱ
1014 2136 1270 2226 κοοβικοολάριοι
1290 2144 1349 2205 καί

224 2236 284 2309 cei
305 2233 527 2325 σιλεντιάριοι,
562 2240 619 2303 καί
638 2238 854 2325 ἀναφέρουσιν
881 2237 981 2325 αάτην
1012 2242 1058 2317 εἰς
1088 2236 1122 2303 τά
1143 2237 1387 2326 μητατάριοναο

247 2338 304 2402 tm*
326 2336 380 2402 τάν
402 2338 589 2425 Θωμαΐτην,
619 2340 675 2402 καί
699 2335 739 2401 τά
760 2338 933 2422 ἀιαβατικά
955 2340 1193 2426 ἀναχωροῦντες
1221 2336 1345 2405 ἔσωθεν

245 2435 378 2504 ἱστᾶσι.
420 2435 450 2502 oi
478 2440 514 2504 δὲ
536 2438 746 2520 ἀξιωματικοί
774 2440 832 2502 καί
849 2437 880 2504 οἱ
911 2439 1017 2503 λοιποί
1033 2438 1257 2525 ἀναχωροῦσιν
1277 2427 1341 2503 ἀπά

245 2539 300 2622 τῆς
321 2538 497 2624 ἐκκλησίας,
518 2537 554 2603 αἱ
574 2539 610 2603 tt
630 2539 798 2622 πατρίκιαι
816 2541 874 2602 καί
892 2535 927 2602 αἱ
948 2535 1178 2624 οτρατὴχισσαι
1200 2540 1345 2630 ἵστανται

245 2633 471 2724 κονσιοτάριον
501 2641 547 2713 είς
574 2633 630 2704 τάν
648 2638 805 2722 τρίκλινον
823 2640 880 2725 τῆς
904 2636 1107 2724 μανναάρας,
1140 2637 1344 2720 ἐκδεχόμεναι

314 2806 356 2842 as.
374 2777 406 2841 τά
428 2790 471 2840 Θω
495 2786 591 2841 σίτων
609 2787 651 2840 ed.
771 2787 882 2843 ἔσωθεν
897 2788 998 2840 ἱστᾶσι
1015 2787 1126 2854 Leich.,
1153 2787 1261 2850 ἔξωθεν
1285 2788 1341 2842 ἔσω

314 2859 386 2908 coni.
405 2859 450 2924 iia,
469 2807 579 2913 ἀνωθεν
592 2859 648 2912 loos
667 2857 725 2911 cod.
783 2860 826 2930 at.
845 2849 878 2912 τά
899 2858 988 2930 τρίκλ.
1008 2857 1050 2908 ed.

239 3023 283 3060 ees
301 3009 378 3061 albas
408 3011 591 3079 gestantium,
617 3011 652 3064 aci
681 3011 807 3083 tropicen
832 3013 947 3066 lausiaei
966 3013 1040 3077 abit,
1065 3029 1116 3066 nec
1137 3030 1187 3080 eo,
1206 3017 1255 3070 ubi
1274 3035 1339 3088 pro-

238 3081 324 3132 cessio
353 3085 407 3144 est,
432 3081 480 3132 scd
505 3079 540 3132 acl
565 3093 668 3134 erotem
698 3099 830 3154 pergens,
854 3085 890 3135 ad
915 3086 987 3135 intus
1012 3102 1175 3154 magnaurae
1199 3096 1284 3159 atque
1302 3089 1338 3142 ad

236 3150 373 3217 pertinum
400 3151 629 3218 candidatorum,
651 3153 686 3204 ad
711 3154 841 3206 excubias
888 3171 973 3226 esque
1000 3155 1105 3208 scholas
1130 3159 1220 3223 venit,
1246 3158 1294 3211 ubi
1321 3175 1338 3210 a

236 3220 423 3284 factionibus,
441 3223 616 3302 ut*patricii,
636 3225 788 3293 excipitur,
805 3172 932 3276 lineium
954 3244 1065 3296 quoque
1085 3244 1100 3277 a
1121 3228 1242 3281 tribunis
1263 3233 1338 3281 aeci-

235 3291 292 3358 pir,
311 3297 359 3352 et‚·
374 3297 404 3341 ut
423 3295 558 3356 mos‘est,
578 3295 632 3364 ipsi
649 3295 786 3347 factiones
805 3296 963 3346 acclamant
1001 3298 1068 3348 Abit
1085 3306 1182 3367 postea
1201 3317 1251 3369 per
1269 3302 1335 3368 chy-

234 3367 293 3410 tum
318 3357 485 3412 eiialees'nd
509 3371 631 3414 sanetum
651 3370 776 3434 puteum,
804 3365 959 3435 ingreditur
979 3368 1111 3438 templum
1130 3386 1274 3441 sacrasque
1292 3373 1336 3421 ia-

233 3442 316 3492 nuas,
333 3429 600 3484 utitinumensium
617 3436 738 3503 positum
758 3443 816 3488 est:
834 3437 989 3506 patriarcha
1000 3436 1035 3487 ab
1049 3439 1169 3491 oratorio
1182 3441 1334 3509 egreditur,

232 3511 342 3551 sument
360 3499 422 3554 ¹eius
442 3501 566 3567 tabulas,
586 3521 653 3576 quus
673 3506 702 3556 in
721 3507 886 3558 antimensio
906 3506 1030 3576 reponit,
1049 3525 1216 3580 precesque,
1235 3521 1266 3563 ut
1284 3506 1342 3564 ειι-’

231 3583 281 3637 per
305 3572 444 3638 patritiis,
470 3575 581 3644 recitat·
617 3573 660 3626 Ad
678 3577 821 3628 ecclesiam
840 3593 967 3648 proceres
994 3588 1021 3630 et
1042 3581 1166 3652 reliquae
1184 3582 1333 3650 dignitates

231 3653 285 3689 sinu
299 3641 393 3710 'ipsam
414 3645 594 3708 comitantur,
611 3647 787 3718 peractisque
805 3665 819 3698 a
837 3649 992 3718 patriarcha
1010 3651 1147 3720 precibus,
1166 3653 1333 3704 cubicularii

230 3717 258 3758 et
270 3709 416 3763 siientiarii
433 3713 649 3766 admetatorium
665 3718 694 3767 in
709 3717 861 3770 triclinium
875 3719 1035 3771 Thoma'ites
1055 3721 1157 3773 dictum
1180 3724 1331 3786 deducunt,

226 3779 335 3852 pieque
353 3786 474 3854 porticus
490 3779 679 3850 tr'anseuntes3
698 3787 773 3843 intus
791 3797 875 3841 stant.
910 3793 1038 3844 Proceres
1057 3804 1121 3844 vero
1140 3796 1172 3844 ac
1190 3795 1275 3846 ceteri
1293 3793 1329 3846 ab

227 3847 671 3928 ecclesis·diseedunt‚‘patriciae
692 3866 720 3910 et
746 3861 922 3931 strategissse
942 3862 1135 3929 consistorium
1159 3865 1189 3916 in
1207 3866 1330 3919 triclinio

225 3919 409 3998 inagnauraer
424 3932 520 3978 'zosten
541 3928 719 3998 excipientes,
739 3932 926 3996 constituunt,
944 3929 1042 4003 'Quae
1056 3931 1117 3986 euni
1136 3951 1169 3986 eo
1187 3938 1331 4005 pervenit,

226 3991 351 4062 accepite
363 4007 365 4014 ’
379 3995 451 4047 inter
474 4000 603 4066 patricius
623 3999 721 4068 media
750 4001 931 4070 constituitur
939 4010 950 4066 ,’
962 3999 1082 4076 'unaque
1109 4014 1138 4057 et
1156 4006 1222 4058 item
1241 4008 1329 4061 altera

225 4063 400 4130 procidentes
425 4067 455 4119 in
478 4075 566 4138 genita
577 4070 590 4136 ‚'
608 4071 761 4142 sportulam
780 4071 815 4123 ab
840 4070 889 4126 iila
906 4072 1061 4146 accipiunt,
1079 4070 1204 4146 singulae
1222 4078 1329 4131 scilicet
