3042 4825
325 199 382 262 ιιι
415 194 612 276 οιιιιιιοιι,
642 197 1037 265 autumnitano.
1065 205 1116 268 ιο.
1197 174 1284 258 6ι3

188 343 246 425 καί
264 339 391 435 ἅρματα
411 355 469 418 καί
485 350 525 420 τοὶ
550 349 671 438 δόρατα
691 350 773 436 μετὰ
793 353 856 420 τοῖν
872 351 1097 440 φλαμοδλλοον,
1117 349 1174 417 καί
1192 352 1287 439 α’νέρ-

186 471 299 532 χονται
317 445 431 528 πάντες
451 453 486 517 ἒν
505 453 553 542 τῷ
569 449 785 540 ἱπποδρομιλρ.
826 447 897 518 εἶτα
927 447 1138 536 ἀνερχόμενος
1157 449 1174 517 δ
1196 475 1286 535 πρω-

188 545 374 634 τονοτάριος
394 554 451 615 τοῦ
470 548 590 638 δρόμου
610 553 717 637 ἵστησι
736 549 857 628 πάντας
877 549 1051 636 στιχρδδν,
1088 543 1184 636 ἤγουν
1216 546 1279 614 cinti

189 649 249 709 τοῦ
266 646 433 732 μαχχοὶνοο
452 654 552 737 μέχρι
573 655 630 716 τοῦ
650 653 797 732 καμπτοῦ
825 653 883 716 τοῦ
905 650 1062 731 Βενὲτοα,
1096 651 1132 714 ὲν
1152 647 1288 735 πρώτοις

168 745 322 828 ὅπλησίον
342 753 402 812 τοῦ
424 752 570 832 καμπτοῦ
589 749 632 816 τὰ
661 745 808 836 ἅρματα,
838 740 952 816 ὄπιθεν
980 753 1015 815 δὲ
1044 753 1105 816 τῶν
1137 744 1289 836 ἁρμάτων

189 842 353 912 τδσκδλα
373 851 431 912 καί
448 846 597 936 λάφυρα·
640 841 753 917 ὄπιθεν
783 852 819 916 δὲ
849 849 969 916 τούτων
997 848 1039 915 τοὶ
1063 846 1185 935 δόρατα
1205 836 1287 930 μετδ

187 946 251 1009 τοῖν
272 943 487 1032 φλαμοδλλων
506 949 563 1015 καί
581 947 656 1028 τοδς
677 951 845 1034 δεσμίους.
886 949 942 1015 καί
960 951 991 1016 εἰ
1012 953 1072 1033 μέν
1092 951 1172 1016 εἰσιν
1198 951 1290 1014 inno⁸

187 1037 211 1128 ἢ
232 1042 290 1108 καί
308 1042 467 1132 κάμηλοι,
499 1049 644 1116 ἵστανται
664 1043 864 1117 intervenia
885 1052 1042 1133 δεσμίων,
1077 1051 1131 1116 καί
1152 1051 1183 1115 εἰ
1201 1047 1288 1116 ἔστιν

188 1140 267 1219 λοδς
286 1144 387 1222 πολδς
418 1147 449 1212 οῖ
481 1149 608 1230 δέσμιοι
640 1150 697 1216 καί
716 1147 817 1215 πολλοὶ
839 1147 881 1215 τά
901 1175 937 1214 τε
957 1147 1060 1234 ordia
1081 1151 1136 1214 καί
1154 1146 1288 1237 λάφυρα

150 1241 246 1308 tonna*
264 1235 393 1328 ἅρματα
415 1249 473 1312 καί
498 1245 537 1314 ad
561 1248 685 1336 δόρατα
704 1248 788 1332 μετὰ
808 1244 873 1315 τῶν
893 1247 1119 1338 φλαμοδλλων,
1140 1253 1313 1319 λὀτανταιῦ

190 1341 245 1408 διδ
267 1342 327 1407 δίο
347 1340 485 1429 στιχων.
526 1347 558 1412 ελ
576 1350 612 1414 δὲ
634 1341 692 1412 cdx
712 1348 795 1414 εἰσιν
820 1351 866 1425 εἰς
885 1351 1009 1433 πλῆθος
1029 1352 1151 1432 ταῦτα,
1183 1350 1291 1413 ἵσταν-

188 1465 245 1507 ται
265 1444 306 1506 δι’
327 1438 398 1520 ἓνός
419 1447 548 1528 στίχον,
582 1445 693 1524 καθοδς
712 1445 858 1532 εἴρηται,
888 1441 950 1511 οἷπδ
972 1448 1031 1513 τοῦ
1050 1448 1213 1531 μοιχγάνον
1231 1448 1292 1529 με’-

187 1565 247 1627 χρι
261 1545 319 1606 τοῦ
332 1548 479 1625 καμπτοῧ
488 1548 548 1611 τοῦ
557 1547 703 1610 Βενίτοο.
726 1547 784 1610 καί
800 1543 884 1629 μετὰ
904 1543 941 1610 τὸ
963 1545 1109 1611 ἀνελθεῖν
1127 1543 1185 1611 τὸν
1200 1549 1296 1630 βασι-

190 1642 249 1704 λέα
269 1641 316 1717 εἰς
335 1639 371 1707 ri
403 1640 619 1728 προκυπτιιιδν
647 1647 813 1728 κλοοβίον,
845 1647 1033 1731 κατέρχεται
1061 1643 1078 1710 o‘
1107 1645 1293 1726 δομέστιιιος

153 1737 256 1804 rimie
275 1743 416 1823 σ’χολαῖν,
438 1743 469 1806 εἰ
488 1735 555 1828 ἄρα
574 1741 678 1818 αὐτὸς
701 1736 742 1828 ἦν
763 1737 780 1806 δ
801 1741 938 1828 ποιήσας
957 1739 993 1808 τὸ
1012 1745 1186 1824 ταξείδιον,
1206 1731 1291 1822 perce*

190 1835 327 1922 καὶτῶν
346 1844 530 1928 στρατηγῶν
550 1839 607 1907 καὶ
625 1843 908 1928 κλεισοοραρχοῖν·
948 1841 1009 1908 εἴτε
1039 1842 1058 1907 δ
1080 1839 1291 1928 δρονγγάριος

189 1938 249 2002 τοῦ
269 1939 405 2019 πλοΐμοο
424 1938 591 2021 μετὰτῶν
611 1944 753 2022 πλοΐμων
773 1935 958 2028 στρατηγῶν
985 1943 1042 2006 καί
1065 1943 1127 2008 τῶν
1145 1935 1293 2023 μεγάλων

191 2036 356 2120 ἀρχόντων
382 2040 441 2102 τοῦ
465 2041 620 2121 πλοίμοο,
653 2037 709 2104 καί
737 2037 773 2106 εἴ
784 2063 815 2106 τι
838 2033 879 2106 δν
906 2033 1045 2126 εὕρωσιν
1071 2041 1213 2114 ἐλλειπὲς
1233 2039 1292 2122 τῆς

189 2136 248 2200 τοῦ
267 2133 520 2220 πρωτονοτορίοο
539 2138 600 2201 τοῦ
620 2134 741 2223 δρόμου
762 2135 914 2220 στάσεως,
935 2139 1212 2224 ἐπιδιορδοῦνται,
1234 2133 1320 2202 nain

151 2235 327 2299 nonotoiow
345 2231 403 2319 τήν
423 2232 644 2320 προσήκουσαν
664 2236 859 2302 κατάστασιν
886 2239 949 2303 τοῖν
980 2239 1118 2319 δεσμίων
1137 2235 1194 2302 καί
1212 2236 1292 2302 σκιλ-

193 2339 258 2398 λων
278 2331 334 2397 καί
352 2328 508 2421 λαφύρων
526 2337 584 2400 καί
610 2329 764 2420 οἷρμάτων
789 2333 847 2399 καί
872 2338 936 2402 τῶν
959 2335 1101 2421 δοράτων
1128 2332 1293 2419 μετὰτῶν

198 2428 415 2522 φλαμοδλλων
435 2433 553 2500 αὐτῶν.
573 2437 628 2500 καί
646 2432 774 2501 πάντων
796 2436 901 2511 καλῶς
922 2436 1190 2519 treventinum,
1211 2432 1293 2500 ἅνα-

192 2618 351 2703 producnnt
374 2619 443 2689 ipris
473 2628 597 2693 ereptam
621 2618 777 2693 praedam,
804 2627 862 2673 tam
887 2618 1050 2684 manubiae,
1075 2634 1157 2689 qnam
1184 2619 1296 2689 cpolin,

193 2696 261 2741 rtem
279 2706 352 2741 arma
371 2687 459 2762 [scuta
476 2708 576 2761 nempe
596 2699 625 2744 et
653 2688 787 2763 gladioel,
806 2700 839 2742 ut
864 2697 894 2742 et
916 2688 1007 2741 lrartae
1033 2696 1061 2741 et
1087 2688 1216 2741 ssamnlla.
1259 2690 1294 2744 ln

192 2756 247 2811 boc
263 2770 392 2828 apparatu
412 2770 479 2813 eunt
497 2762 633 2815 hiomner
648 2778 754 2814 currum
772 2762 800 2813 in
819 2760 927 2815 circum.
948 2760 1084 2829 Deinceps
1102 2758 1215 2811 advenit
1227 2776 1293 2829 pro-

192 2829 345 2887 tonotarius
369 2848 462 2883 corrue
483 2840 512 2885 et
529 2832 648 2885 collocat
665 2849 760 2884 omnes
782 2834 812 2883 in
831 2846 913 2881 unnm
926 2833 1023 2883 seriem
1042 2846 1204 2899 amongano
1225 2828 1292 2885 inde

157 2940 160 2947 ·
194 2898 254 2973 [eeu
265 2900 429 2974 carceribus]
448 2918 535 2972 neque
547 2902 582 2954 ad
594 2910 693 2954 metam
702 2902 813 2956 Veneti.
839 2902 965 2953 Proxime
974 2918 988 2951 a
998 2908 1071 2953 meta
1081 2902 1197 2955 collocat
1207 2915 1292 2965 arme;

192 2979 296 3041 postea
308 2972 436 3025 induviae
451 2981 480 3024 ct
493 2972 631 3041 praedam,
643 2982 706 3041 port
718 2971 786 3024 baec
799 2971 891 3023 bertar
905 2988 965 3023 cum
977 2970 1114 3035 damuliin3
1132 2979 1190 3022 tum
1201 2972 1292 3040 capti-

192 3057 257 3105 τοι,
270 3059 343 3111 pone
357 3043 408 3095 boa
419 3046 484 3113 eqni
499 3049 573 3095 etant
589 3052 673 3113 atque
687 3042 794 3105 cameli,
811 3043 834 3094 ri
849 3042 897 3111 qni
914 3044 987 3163 σαροῖ
1000 3043 1099 3095 adsint.
1119 3041 1148 3092 Si
1166 3056 1230 3095 vero
1241 3060 1295 3095 nn-

192 3127 284 3163 merne
292 3116 471 3181 captivorum,
486 3115 647 3183 spoliorum,
658 3111 787 3182 praedae,
795 3128 940 3173 armorum,
971 3120 1100 3176 astarum,
1111 3111 1296 3165 flamullornrn

193 3183 231 3234 ait
251 3182 367 3252 ingene,
387 3181 550 3236 ordinantur
571 3183 601 3235 in
623 3181 692 3235 duaa
716 3184 810 3235 aerios.
848 3181 957 3255 Quodsi
991 3190 1083 3235 autem
1115 3198 1172 3235 non
1211 3182 1293 3235 valde

196 3268 340 3306 numerosa
371 3270 403 3306 ea
431 3254 504 3318 rint,
528 3253 666 3318 efficiunt,
696 3261 729 3306 ut
756 3252 861 3305 dictum
887 3260 947 3316 ert,
974 3254 1073 3306 reriem
1100 3254 1293 3305 tantummodo

193 3338 277 3375 unam
294 3341 310 3375 a
328 3325 482 3378 carceribus
499 3323 566 3378 inde
584 3341 670 3394 neque
688 3324 725 3376 ad
747 3322 847 3374 Veneti
865 3331 972 3377 metam.
1009 3326 1154 3395 Postquam
1173 3326 1294 3392 Impera-

193 3401 240 3445 tor
258 3395 289 3447 in
307 3397 495 3464 procyptieum
522 3392 646 3448 clobium
672 3396 735 3463 [cen
760 3390 886 3445 tribunal
910 3394 1034 3447 eminens
1060 3395 1104 3445 vel
1133 3392 1294 3457 balconem,

193 3462 269 3517 unde
286 3474 446 3535 prospectus
463 3467 493 3518 in
511 3464 667 3519 cubicetum
688 3466 790 3518 eircnm
808 3471 901 3533 patet,
927 3468 1054 3534 opposito
1073 3464 1179 3516 clathro
1197 3466 1294 3519 muni-

194 3533 280 3609 tum,]
309 3536 449 3599 aseendit,
478 3534 622 3588 descendit
644 3534 811 3589 domesticae
839 3533 993 3588 robolarum
1021 3535 1055 3607 (si
1082 3549 1182 3605 nempe
1209 3536 1232 3585 ir
1259 3551 1292 3587 eo

194 3604 241 3657 die
261 3606 396 3659 tanidium
414 3624 446 3657 eo
465 3608 488 3658 it
514 3607 557 3658 vel
584 3604 735 3671 cohortem,
755 3621 827 3676 quae
844 3602 952 3677 vigiliae
972 3606 1050 3658 obire
1069 3612 1097 3657 et
1115 3608 1145 3657 in
1163 3608 1244 3657 armis
1262 3620 1292 3657 se

193 3687 344 3731 monatrare
362 3625 465 3749 debetfi
488 3694 619 3729 unacum
637 3677 764 3747 strategis
784 3684 813 3729 et
830 3675 1034 3743 cleianrarcbir3
1051 3684 1098 3729 aut
1120 3676 1189 3729 aliar
1205 3676 1308 3748 ‹iron-x

194 3748 286 3815 garine
313 3749 408 3801 clareia
441 3764 503 3799 cum
521 3748 646 3816 atrategir
666 3755 695 3800 et
713 3746 866 3801 rectoribur
887 3746 1040 3801 elarrinriin
1092 3746 1146 3810 Hi,
1172 3750 1292 3817 quicun-

195 3832 249 3883 qne
267 3818 376 3870 tandem
396 3820 516 3879 inerint,
542 3818 656 3871 viritant
675 3816 878 3870 ordinationem
896 3832 911 3869 a
932 3819 1121 3887 protonotario
1140 3814 1229 3868 dromi
1245 3816 1290 3867 sa-

194 3894 283 3950 etam,
309 3896 338 3941 et
355 3887 493 3958 quidquid
511 3889 541 3940 in
567 3888 617 3941 illa
641 3887 721 3941 binnr
748 3887 984 3952 animadvertant,
1010 3888 1167 3957 corrigunt,
1192 3884 1221 3937 id
1248 3891 1290 3939 eat

194 3956 301 4011 iaciunt
317 3975 461 4027 congruam
480 3966 508 4012 et
526 3957 648 4012 debitam
664 3959 892 4012 constitutionem
912 3960 1099 4030 captivorum,
1121 3956 1289 4027 spoliorum,

195 4027 322 4098 praedae,
343 4046 488 4091 armorum,
504 4029 644 4082 bartnrntn
664 4038 747 4104 atque
766 4028 954 4083 darnuliorum.
1002 4026 1137 4081 Omnibur
1155 4028 1208 4079 rite
1228 4024 1290 4077 dir·-

194 4096 309 4170 poritir,
330 4100 467 4170 significat
485 4100 659 4175 praeponitur
677 4116 710 4155 ea
735 4098 770 4154 de
797 4114 828 4155 rc
854 4098 892 4155 ad
916 4102 1127 4173 Imperatorem,
1152 4100 1286 4171 introque
