3042 4825
300 152 389 236 636
517 137 791 258 conectuntur
822 196 1204 314 ronrnmoenun

242 348 246 355 ’
299 329 355 396 διό
377 335 435 418 τῆς
457 343 589 425 τρισσῆς
612 342 695 425 μετὰ
724 349 789 413 τῶν
812 354 919 436 κηρῶν
940 353 1183 442 προσκυνήσεως
1202 363 1247 450 τῷ
1265 363 1335 452 θεῷ’
1352 364 1420 429 εδ·

296 433 550 519 χαριστησαντες
577 444 636 505 καί
653 440 693 507 roi
715 445 837 514 τσότων
866 450 1035 538 διβητῆσια
1055 457 1261 541 ἀλλάξαντες,
1289 464 1420 528 ἐκαθέ-

297 534 436 614 σθησαν.
475 538 533 600 καί
560 534 612 604 ὅτε
633 539 736 608 πόντα
765 546 847 615 κατὰ
867 549 934 636 ,τήν
960 555 1114 622 εἰωθυῖαν
1134 559 1330 626 οἰκολουθίαν
1348 565 1418 625 ου’-

272 633 472 719 οτρεπίσθη,
493 635 745 726 όπεμνῆσθησαν
765 643 795 709 οἱ
815 649 987 733 δεσπόται,
1017 649 1073 720 καί
1092 657 1214 734 εδθὲως
1235 659 1415 742 περιεβᾶλ-
1511 717 1512 732 ,

298 733 391 794 torro
420 729 478 808 τός
505 728 630 804 ἓαυτοῖν
660 739 853 828 χλαμύδας,
884 749 940 814 καί
969 753 1116 832 ἐξιόντων
1136 751 1241 822 αότοόν
1260 755 1324 838 ἔξω
1342 762 1435 826 ταῦ5

298 829 401 897 ἐκεῖσε
420 839 645 918 κρεμμαμέυου
667 837 779 925 iiiior,
803 846 949 925 ἐδέξαντο
971 852 1104 930 τούτους
1124 856 1159 920 οἵ
1175 879 1208 921 τε
1228 853 1409 943 μόγιστρσι

297 932 354 992 καί
373 931 541 1016 πατρίκιοι.
581 941 638 1003 καί
656 945 716 1025 τῆς
737 944 891 1024 εἰωθυίας
910 950 1025 1028 τάξεως
1046 955 1318 1041 δπιτελεσθτίοης,
1343 982 1408 1022 κα-

295 1027 407 1094 τίεσαν
429 1027 461 1094 οἰ
482 1034 637 1114 δεσπόται
656 1040 712 1105 διό
732 1046 790 1107 τοῦ
809 1048 951 1132 μεγιίλου
973 1057 1114 1134 cogitosi.
1146 1055 1181 1120 ἐν
1201 1055 1239 1119 δὲ
1258 1058 1302 1144 τῷ
1322 1053 1410 1142 νόρ-

297 1129 376 1212 θηιιι
395 1129 453 1214 τῆς
472 1132 649 1221 ἁγιωτάτης
669 1140 835 1225 ἐκκλησίας
856 1149 902 1222 εἰς
921 1145 980 1232 τὴν
1003 1149 1128 1236 ὡραίαν
1150 1153 1254 1236 πόλην
1273 1155 1407 1232 ἐδέξατο

298 1226 431 1302 τούτους
452 1224 469 1293 ὃ
488 1229 674 1323 ὑποψήφιος
692 1239 773 1322 μετιί
795 1247 850 1328 τῆς
869 1246 1130 1334 ἰντλησιαστικῆς
1151 1248 1253 1336 πόσης
1272 1250 1448 1332 adimi-¹⁰

298 1325 356 1397 οιοί
375 1325 414 1412 δὴ
437 1329 520 1395 κατὰ
540 1331 595 1400 τόν
616 1339 754 1405 εἰωθότα
778 1341 878 1410 τόπον
897 1347 1145 1430 εἰσοδεόσαντες,
1166 1350 1223 1414 καί
1242 1354 1304 1417 τοῖν
1325 1348 1404 1436 ἑξῆς

297 1423 560 1497 ἐπιτελεσθέντων
587 1435 670 1502 κατὰ
689 1438 749 1515 τός
767 1441 882 1522 λοιπός
910 1443 1130 1532 προελεόσεις,
1165 1447 1404 1534 eriptam-ot

297 1525 461 1613 θεοφιλεῖς
489 1541 718 1616 μητροπολῖται
745 1539 802 1624 τῆς
830 1539 921 1629 ἱερᾶς
946 1549 1152 1631 χειροτονίας.
1195 1545 1226 1612 οἱ
1248 1550 1284 1614 δὲ
1305 1547 1403 1634 φιλό-

296 1647 423 1710 χριοτοι
451 1631 594 1709 βασιλεῖς
621 1637 737 1722 μικρόν
758 1664 791 1702 τι
820 1639 1082 1730 δπισθοπόδησαν
1100 1649 1199 1730 μέχρι
1219 1651 1279 1712 τοῦ
1298 1648 1403 1734 εἰργο-

266 1712 359 1809 ppo&
378 1723 482 1802 κίονος
501 1733 561 1793 τοῦ
580 1735 744 1820 κιβωρίου,
768 1739 827 1816 ἕως
847 1741 998 1827 ἐτελέσθη
1019 1741 1108 1828 παρὰ
1128 1748 1191 1810 τῶν
1208 1753 1443 1832 μητροπολι·ι5

149 1825 360 1894 assusnroiv
379 1821 418 1888 τό
439 1829 494 1911 τῆς
518 1833 729 1915 γ’,ειροτονίας
769 1837 827 1904 καί
855 1834 918 1904 εἶθ’
938 1837 1039 1917 οὕτως
1060 1841 1115 1908 dui
1136 1848 1195 1909 τοῦ
1216 1846 1322 1924 δεξιοῦ
1339 1848 1401 1928 μέ·
1511 1869 1512 1958 η

297 1928 456 2007 ρουςτοῦ
485 1925 628 2011 βήματος
657 1936 713 1998 καί
739 1939 797 2001 τοῦ
824 1937 968 2004 κυκλείου
995 1942 1146 2024 εἰσῆλθον
1166 1944 1201 2008 ἰν
1222 1945 1267 2031 τῷ
1288 1937 1401 2030 εὐετη-
1511 1963 1512 2016 3

295 2023 374 2109 ρίιρ,
401 2024 437 2087 ἐν
466 2015 492 2112 ᾧ
520 2026 616 2114 καίἦ
646 2025 775 2119 δργυροῖ
802 2037 937 2122 ἵδρυται
962 2039 1153 2127 σταόρωσις.
1194 2040 1324 2118 tridui
1343 2047 1400 2130 τῆς
1511 2037 1512 2104 ἶ

294 2123 428 2204 τρισσῆς
455 2121 537 2204 μετα
566 2131 630 2193 τῶν
657 2135 762 2217 κηρῶν
793 2133 1036 2222 προσκυνήσεως
1064 2139 1399 2226 οἷπευχαριστήσαντες
1511 2179 1512 2184 1

294 2220 340 2307 τῷ
368 2223 437 2308 θεῷ
457 2222 515 2286 καί
534 2221 590 2290 τόν
611 2231 815 2319 πατριδρχην
838 2234 1160 2322 οἰποχαιρετιλεαντες,
1181 2234 1321 2324 ἀνῆλθον
1341 2241 1438 2316 διόυο

293 2320 354 2383 rosi
374 2323 509 2403 κοχλιοιῖ
527 2326 588 2388 τοῦ
606 2325 687 2411 πρός
708 2327 743 2394 τό
764 2336 860 2420 μέρος
880 2337 937 2399 τοῦ
958 2335 1050 2421 ἁγίου
1075 2338 1233 2425 φρέατος,
1269 2341 1306 2405 ἐν
1326 2349 1397 2417 τοῖς

293 2416 375 2506 πρός
388 2419 543 2507 ιίνατολίην
562 2427 677 2505 δεξιοῖς
695 2431 810 2517 μίρεσι
829 2437 892 2501 τιδν
916 2435 1172 2521 κατηχουμινόον
1197 2438 1398 2523 ἐκδεχόμενοι
1511 2454 1512 2499 i

295 2515 354 2604 τὴν
377 2519 438 2586 sori
457 2520 548 2607 όγίου
579 2520 766 2613 εὐαγγελίου
788 2531 974 2618 α’νάγνωσινι

296 2766 359 2823 cst,
388 2762 420 2815 in
438 2763 645 2821 catechumenis
661 2786 775 2839 magnae
798 2773 947 2836 ecclesiae,
977 2772 1104 2827 exhibita
1146 2775 1254 2859 eDcp,
1278 2783 1309 2829 nt
1337 2793 1396 2829 mos

296 2838 357 2894 est,
383 2838 462 2886 terna
481 2852 542 2887 cum
560 2841 648 2891 cereis
675 2842 849 2906 adoratione,
868 2844 1024 2897 induebant
1042 2862 1091 2898 sna
1130 2844 1266 2909 ibetcssa,
1284 2856 1314 2900 et
1327 2864 1396 2901 con·

295 2898 426 2956 sidebant
448 2903 489 2977 [in
507 2907 744 2984 catechumeniisl.
798 2914 834 2965 Ut
858 2916 967 2975 omnia,
992 2933 1064 2986 quae
1082 2917 1152 2967 ritus
1171 2916 1290 2987 flagitat,
1317 2935 1397 2970 com·

292 2980 391 3041 parata
415 2985 507 3039 eront,
531 2978 667 3031 admoniti
690 2982 805 3035 Domini
830 2984 984 3037 induebant
1007 2986 1163 3055 chlamydes
1186 3003 1264 3053 ουτος
1289 3004 1395 3043 exeun·

294 3048 392 3112 terque
411 3044 485 3115 ipsos
504 3056 580 3100 extra
598 3050 691 3102 velum
709 3051 750 3104 ibi
776 3070 938 3124 suspensum
957 3057 1135 3125 excipiebant
1153 3067 1314 3112 venerantes
1336 3076 1396 3111 mn·

294 3111 374 3181 gistri
392 3122 421 3165 et
437 3116 559 3185 patricii.
596 3119 702 3174 Ordine
720 3134 852 3179 consueto
873 3127 969 3190 finito,
988 3125 1195 3181 descendebant
1212 3130 1325 3181 Domini
1345 3147 1395 3198 per

293 3197 419 3249 magnam
438 3186 587 3248 cochleam.
624 3191 693 3246 inde
711 3195 845 3265 ingressos
864 3196 893 3247 in
912 3196 1072 3251 narthecem
1097 3199 1285 3252 sanctissimae
1303 3202 1394 3253 ecele-

294 3251 368 3316 siae,
392 3257 552 3326 excipiebat
571 3276 618 3312 eos
637 3262 667 3313 in
684 3274 763 3332 porte
783 3265 901 3319 formosa
924 3268 1028 3321 electus
1055 3286 1110 3321 una
1127 3285 1189 3321 cum
1216 3278 1275 3325 toto
1295 3272 1394 3325 ordine

295 3323 497 3395 ecciesiastico;
516 3330 687 3405 ingressique
706 3336 930 3390 sacrificatorium
948 3338 1097 3392 secundnm
1119 3348 1279 3393 consuetum
1297 3344 1391 3403 ritum,

293 3393 478 3468 omnibusque
497 3416 531 3451 er
541 3400 638 3455 ordine
657 3408 783 3474 peractis,
804 3407 923 3477 quaein
946 3412 1044 3463 ceteris
1068 3410 1294 3479 processionibus
1312 3412 1392 3483 finnt,

292 3461 466 3533 incipiebant
484 3468 543 3522 Deo
561 3471 618 3523 cori
641 3478 835 3547 metropolitae
856 3492 961 3531 sacrem
981 3481 1182 3533 ordinationem
1206 3480 1394 3551 archiepisco-

292 3532 332 3603 pi.
366 3535 496 3591 Amantes
513 3538 655 3596 Cbristnm
677 3547 858 3617 Imperatores
878 3556 969 3602 autem
989 3552 1131 3623 eliquanto
1156 3559 1230 3605 retro
1250 3553 1281 3604 in
1305 3552 1390 3623 pedes

293 3620 358 3657 snos
376 3623 406 3659 se
421 3610 596 3679 recipiebant
615 3631 702 3685 nsque
720 3617 755 3669 ad
775 3626 928 3689 argenteam
946 3622 1102 3674 columnam
1120 3622 1318 3693 propitiatorii,
1338 3622 1391 3675 do-

293 3690 347 3727 nec
371 3677 510 3733 ordinatio
535 3700 552 3733 a
580 3688 765 3756 metropolitis
792 3690 916 3743 coniecta
944 3702 1024 3746 esset.
1067 3694 1146 3745 Tunc
1175 3694 1318 3746 intrabant
1340 3710 1391 3761 per

294 3745 419 3799 dextram
442 3758 548 3820 partem
565 3752 696 3809 tribunae
715 3768 744 3811 et
769 3760 851 3829 cyclii
870 3762 900 3811 in
918 3763 1085 3826 oratorium,
1113 3764 1143 3814 in
1164 3780 1220 3833 qno
1239 3765 1333 3847 imago·
1347 3780 1391 3815 ar-

293 3825 391 3886 gentea
412 3822 600 3876 crucifixionis
620 3825 723 3880 Christi
747 3838 817 3895 stet3
844 3833 974 3902 trinaque
1000 3850 1060 3886 curn
1087 3834 1173 3886 cereis
1198 3834 1389 3903 genuflexione

292 3892 416 3942 venerati
435 3892 540 3955 Deum,
564 3895 757 3953 valedicebant
779 3902 960 3971 patriarchae,
969 3903 1155 3957 ascendebant
1172 3920 1223 3973 per
1241 3904 1388 3967 cochleam,

293 3974 366 4027 qnae
385 3965 476 4017 estin
498 3966 610 4033 regione
628 3970 715 4022 sancti
732 3974 828 4041 putei,
856 3974 886 4024 in
912 3989 987 4037 eant,
1012 3992 1084 4045 quae
1100 3994 1116 4027 s
1139 3972 1244 4027 dextris
1271 3985 1313 4029 est
1330 3992 1390 4029 ser·

294 4044 340 4079 aus
361 4034 497 4087 orientem
515 4052 655 4104 converso,
680 4049 786 4115 partem
806 4042 1085 4111 catechumeniorum,
1103 4054 1293 4116 exspectantes
1311 4045 1389 4101 iecti-

296 4114 377 4154 onem
397 4109 485 4159 saneti
504 4108 648 4179 evangelii.
