3042 4825
324 98 409 209 γοα
452 83 459 92 ’
548 121 820 189 constiterint
844 121 1208 190 ronrurnoennnr

319 282 449 344 θεσθσι,
492 279 564 342 ἀλλ’
582 279 709 363 ε’πείπερ
733 274 793 354 τὰς
818 278 880 342 τῶν
907 269 1053 360 ἀρχαίαν
1083 277 1224 354 ἐκθέσεις
1250 271 1338 361 origi
1365 273 1446 342 uri-

321 402 396 458 σας,
417 373 484 442 ἀλλ’
506 372 584 454 ὅσας
604 373 754 462 ὅχράνος
774 378 1009 460 ἀμαυρωθῆναι
1030 374 1192 462 ἐποίησεν,
1227 371 1344 442 ἑκόντι
1364 402 1445 440 ετα-

323 475 540 562 ρειλράμομεν,
572 479 653 562 φέρε
673 474 714 559 δη
736 471 795 551 τάς
815 475 869 538 ἐπί
885 477 947 540 τῶν
966 476 1124 557 βασιλέων
1143 473 1252 560 ἡμῶν,
1273 476 1441 550 Λέοντος

324 577 380 640 καί
401 571 628 663 Ἀλεξάνδρου,
659 577 890 659 γνωριζομένας
910 598 942 639 τε
965 569 1034 655 άμα
1054 575 1111 638 καί
1129 578 1357 660 πραττομένας
1383 571 1437 649 ὥς

293 679 360 744 Βὲν
379 679 508 750 πίνακος
527 675 613 750 τάξει
638 670 789 759 στιχηδόν
826 669 1032 754 άπατάξομεν.
1073 675 1214 755 ποιῶμεν
1243 673 1280 738 δέ
1301 669 1456 754 τοῦτο,5

324 769 385 857 οάχ
405 772 449 849 ῶς
473 771 533 850 τάς
560 776 624 838 τῶν
653 774 802 857 ἀρχαίων
833 771 1021 858 συγγραφάς
1049 771 1295 857 ἀνατρέποντες,
1334 770 1431 835 ἀλλά

320 871 379 947 τάς
399 876 474 959 περί
490 873 612 938 τοάτων
630 873 771 948 ἐκθέσεις
792 870 837 948 ῶς
857 874 892 938 έν
908 867 994 951 τάξει
1014 866 1302 946 καιάνοςτυπῶσαι
1319 894 1431 936 σπου-

323 969 485 1052 δάζοντες,
514 965 599 1048 ὅπως
624 968 669 1074 μη
700 972 800 1052 μόνον
826 969 856 1036 οἱ
885 968 960 1056 περί
991 971 1094 1034 ταῦτα
1123 966 1330 1051 ε’σχολακάεες
1360 967 1430 1052 τὴν

322 1065 440 1156 εάχερῆ
470 1071 592 1136 τοάτων
611 1067 792 1155 κατάληψιν
820 1057 959 1154 ἔχωσιν,
986 1066 1067 1134 ἀλλά
1093 1070 1149 1152 καί
1178 1065 1208 1147 οἱ
1234 1069 1307 1132 λίαν
1330 1061 1429 1150 οἶμαι

171 1168 390 1246 tentator&
410 1174 456 1259 τῷ
473 1172 577 1260 μικριβ
597 1166 697 1259 τοάειρ
717 1165 829 1236 κανόνι
848 1165 995 1258 ἑπόμενοι
1024 1165 1254 1252 εάκατάληπτον
1274 1168 1338 1230 καί
1355 1188 1465 1231 σει-ιο

320 1271 368 1356 φῆ
395 1269 454 1353 την
481 1272 556 1354 περί
583 1266 642 1344 τάς
668 1265 773 1348 τάξεις
800 1268 970 1353 εὑρίσκωσι
1005 1269 1233 1352 πραγματείαν.
1275 1262 1314 1330 οὗ
1350 1261 1423 1350 γάρ

317 1370 440 1434 δίκαιον
460 1369 629 1455 ἐκρίναμεν
636 1419 647 1450 ,
681 1364 759 1443 τοάς
778 1365 823 1452 μὴ
844 1370 948 1432 ταῦτα
969 1367 1106 1451 ἀκριβῶς
1126 1365 1360 1449 ἐξησκημένους
1378 1365 1423 1428 ἐν

315 1467 357 1555 τῇ
379 1465 511 1556 τοιαάτγγ
543 1467 700 1552 τετάχθαι
728 1471 879 1555 βασιλικῇ
900 1468 1102 1555 λειτουργίᾳ,
1132 1461 1179 1530 ὅτι
1198 1457 1273 1530 citt
1294 1461 1421 1550 ἀσόφιρ
1497 1525 1498 1530 ,

314 1564 372 1632 καί
399 1567 526 1648 ἀμαθεῖ
542 1572 673 1649 βασιλεῖ’
694 1563 892 1651 παρεστάναι
920 1564 1013 1650 ἡμεῖς
1041 1561 1298 1648 εάμοιρήσαμεν,
1329 1560 1419 1626 ἀλλά

314 1664 401 1731 πάνυ
430 1689 466 1749 γε
495 1664 667 1754 σοφωτάτῳ
694 1663 751 1731 καί
784 1662 862 1753 λόγῳ
890 1666 947 1730 καί
971 1661 1051 1754 ἔργῳ
1080 1666 1119 1751 τῇ
1147 1655 1270 1728 ἀνωθεν
1298 1659 1459 1746 χάριτιιό

314 1768 517 1854 τετιμημένῳ.
559 1761 615 1829 διά
644 1768 738 1830 τοῦτο
767 1763 807 1850 δη
830 1757 889 1829 οάν
918 1765 1094 1848 παρακαλῶ
1113 1761 1218 1844 ἀμᾶς,
1251 1751 1416 1846 ῶφιλσι,

281 1863 368 1929 Batoi
387 1863 508 1939 πάντας
527 1860 604 1941 roric
630 1867 805 1946 pilleatae
831 1868 906 1946 μεθ
924 1864 1010 1950 ἡμᾶς
1039 1863 1169 1928 εἰσιέναι
1176 1911 1187 1942 ,
1217 1857 1261 1944 μη
1286 1860 1415 1945 παρέρ-

309 1987 374 2047 γως
393 1963 450 2028 καί
468 1958 643 2043 ἀνωμάλως
661 1962 695 2028 τὸ
716 1969 794 2049 παρ’
825 1963 917 2048 ἡμων
946 1963 1129 2046 συγγραφὲν
1161 1960 1413 2024 ἐπισκέπτεσθαι

229 2104 234 2111 ·
309 2059 429 2144 λόγιον,
451 2057 533 2126 ἀλλά
555 2064 700 2151 προσοχῇ
719 2063 853 2146 μελέτης
871 2060 928 2128 τὸν
948 2063 982 2126 έν
1004 2055 1091 2146 αὐτῷ
1110 2057 1287 2141 ε’γνειμενον
1306 2052 1412 2121 τύπον
1497 2057 1498 2116 l

309 2160 449 2243 ἀκριβῶς
480 2157 755 2249 ἀναμάττεσθαι·ι
778 2161 835 2224 καί
861 2162 987 2244 πρῶτον
1016 2160 1076 2239 μὲν
1104 2153 1162 2230 τάς
1187 2155 1329 2238 ἀκριβεῖς
1350 2177 1448 2220 aru-ao

308 2261 490 2342 ριοκλησίας
508 2260 573 2323 τῶν
594 2255 785 2339 ἀξιωμάτων
804 2256 986 2348 γνωρίζειν·
1027 2253 1175 2342 δεύτερον
1199 2256 1234 2319 δὲ
1252 2252 1310 2330 τὰς
1328 2252 1408 2320 rot-

307 2380 372 2423 των
392 2354 564 2444 διαιρέσεις
583 2361 638 2422 καί
656 2356 906 2443 ὑποδιαιρέσεις,
936 2351 1086 2441 αάξήσεις
1106 2377 1141 2422 τε
1162 2357 1218 2423 καί
1236 2352 1405 2441 μειάσεις,

298 2544 338 2600 'at
355 2561 401 2598 εει
419 2552 525 2609 tamen,
544 2563 612 2617 quaa
630 2553 786 2616 temporum
805 2548 934 2601 decurrua
953 2547 1070 2616 ealigine
1088 2553 1118 2601 et
1134 2548 1309 2617 ignoratione
1324 2564 1405 2619 repe·

306 2616 384 2679 livit,
409 2616 489 2670 curae
507 2619 589 2671 nobis
607 2627 667 2671 erto
696 2634 758 2682 ear,
784 2634 856 2688 quae
881 2626 1005 2687 tempore
1024 2618 1205 2671 Dominorum
1229 2626 1403 2685 nostrorum,

305 2685 408 2739 Leouia
426 2694 455 2739 et
472 2687 636 2751 Alexandri,
657 2687 746 2741 clarae
764 2690 984 2758 exercitataeque
1000 2688 1129 2751 suerunt,
1147 2704 1230 2740 unam
1249 2694 1315 2757 port
1330 2688 1402 2741 alte·

276 2809 279 2812 .
306 2772 363 2809 rom
383 2760 516 2810 continuo
535 2759 582 2813 filo
601 2758 725 2811 velutin
744 2757 841 2809 tabula
858 2772 1020 2827 proponere.
1059 2756 1144 2828 Quod
1162 2774 1195 2810 eo
1213 2773 1270 2809 non
1286 2758 1402 2811 iacimus

304 2829 412 2891 auimo,
436 2836 567 2900 tauquam
586 2829 742 2881 convolsuri
762 2837 791 2881 et
810 2828 930 2880 eversuri
948 2835 1072 2881 veterum
1091 2826 1206 2895 acripta,
1233 2825 1283 2879 real
1303 2829 1402 2881 stude-

306 2896 399 2951 bimua
423 2897 459 2949 ‹lc
484 2897 528 2951 hia
550 2899 632 2952 rebua
654 2906 801 2970 praecepta
823 2898 901 2949 velut
922 2900 953 2951 in
972 2898 1083 2951 canonio
1101 2896 1244 2950 modulum
1263 2896 1401 2967 redigere3

328 2984 363 3019 uo
381 2983 438 3020 uon
455 2970 499 3021 illi
517 2977 641 3033 tantum,
666 2970 715 3041 qui
733 2969 833 3023 iisdem
851 2970 906 3020 iam
924 2984 940 3021 a
964 2968 1045 3037 longo
1070 2975 1191 3037 tempore
1215 2976 1401 3037 occupantur,
1497 2984 1498 3011 t

304 2985 416 3089 irritem
435 3054 530 3091 earum
548 3048 723 3109 conspectum
742 3040 952 3109 doctrinamque
969 3036 1105 3100 habeant,
1132 3036 1182 3088 aed
1198 3044 1228 3090 et
1243 3038 1289 3091 vel
1308 3043 1399 3093 maxi-

304 3122 350 3159 me
368 3106 463 3172 ruder,
481 3109 629 3162 dummodo
644 3112 773 3230 exiguum
788 3108 863 3163 hunc
874 3126 1006 3162 canonem
1023 3113 1208 3170 annectentur,
1226 3109 1399 3177 perspicuam

305 3185 336 3229 et
352 3185 434 3245 captu
459 3180 570 3232 facilem
596 3179 631 3232 de
653 3197 684 3233 or
704 3178 798 3231 inibna
823 3180 973 3233 officiorum
992 3176 1179 3248 adipiscantur
1194 3179 1396 3235 tractationem.
1497 3176 1498 3237 ξ

303 3247 434 3318 Iniquum
447 3266 545 3319 nempe
563 3250 737 3314 arbitramur,
754 3251 881 3303 homines
899 3250 993 3303 harum
1011 3264 1101 3301 rerum
1119 3248 1300 3302 acientianou
1311 3248 1397 3319 probe

302 3317 423 3373 imbutor
441 3320 609 3391 penitusque
627 3321 809 3391 percallentea
826 3330 941 3390 augusto
954 3320 1026 3383 tanti
1037 3320 1168 3373 momenti
1184 3318 1397 3391 apiendorisque
1497 3318 1498 3363 i

301 3388 457 3441 ministerio
474 3388 629 3455 admoveri,
655 3409 756 3462 quum,
784 3408 856 3461 quae
874 3398 966 3443 noatra
992 3399 1034 3443 eat
1052 3386 1173 3443 secunda
1190 3390 1316 3453 fortuna,
1337 3390 1395 3442 Do-
1497 3428 1498 3435 ι

302 3459 378 3510 mino
396 3476 452 3510 non
470 3462 613 3530 insipienti
631 3469 659 3513 et
676 3462 838 3524 illitterato,
859 3460 908 3511 reri
928 3476 1010 3531 quam
1028 3460 1146 3511 maxime
1163 3460 1283 3529 capienti
1300 3458 1394 3514 adste-
1497 3486 1498 3519 3

300 3543 377 3593 mua,
395 3546 476 3600 quem
495 3538 525 3582 et
544 3532 709 3587 attributum
729 3549 745 3583 a
765 3530 836 3583 sama
854 3530 967 3601 publica
986 3545 1152 3600 cognomen,
1172 3536 1215 3592 et,
1235 3547 1303 3601 quaa
1315 3530 1393 3599 gerit,

300 3614 344 3651 rea
362 3600 476 3652 coelesti
493 3603 580 3669 gratia
598 3604 710 3656 beatum
731 3602 927 3660 demonstrant.
963 3602 1065 3654 Hortor
1083 3602 1180 3669 itaque
1205 3615 1271 3663 τοι,
1294 3600 1393 3665 amici,

300 3678 331 3722 et
348 3678 493 3753 quotquot
503 3681 566 3739 port
582 3689 632 3724 noa
651 3671 687 3724 ad
701 3674 793 3724 aulam
807 3674 968 3743 regiumque
986 3670 1039 3722 hoc
1057 3670 1191 3723 accessuri
1209 3678 1292 3723 erunt
1309 3671 1391 3723 mini-

299 3748 433 3804 sterium,
459 3742 551 3794 velitis
566 3741 637 3795 hane
654 3744 774 3811 opellam
792 3758 848 3795 non
867 3741 922 3793 levi
939 3741 1070 3805 brachio,
1097 3755 1147 3809 per
1166 3740 1253 3793 otium
1271 3748 1300 3793 et
1318 3740 1392 3795 velut
1497 3760 1498 3763 ¹

271 3834 275 3839 ·
300 3809 379 3862 aliud
406 3819 517 3880 egenter
551 3822 581 3864 et
597 3814 740 3883 inaequali
759 3814 845 3865 animi
864 3812 1043 3867 contentione
1061 3818 1191 3874 tractare,
1218 3809 1267 3863 aed
1285 3826 1390 3875 rerum,

301 3894 385 3949 quarn
405 3881 454 3933 illa
472 3889 607 3950 praestat,
629 3883 684 3933 ima
703 3886 777 3935 inem
802 3882 926 3935 etudioae
948 3882 1086 3951 pleneque
1109 3883 1205 3935 restria
1223 3880 1323 3934 animia
1340 3884 1392 3934 iur-

300 3952 429 4017 primere,
448 3959 477 4003 et
492 3954 611 4020 primum
629 3900 744 4023 quiaieur
761 3952 1027 4023 propriaaouiuaque
1041 3951 1184 4021 diguitatis
1195 3952 1391 4075 appellatiouea

301 4028 380 4074 notu
398 4028 427 4073 et
451 4021 598 4077 familiares
622 4020 704 4082 vobio
727 4023 848 4092 efficere,
874 4022 976 4078 deinde
1001 4038 1067 4077 vero
1092 4021 1203 4079 illarum
1248 4022 1390 4091 ivirioner,
