3042 4825
302 227 356 292 un
376 224 579 300 pommus.
608 223 743 292 imru
768 227 937 294 amiur.
968 229 1009 292 u.
1029 231 1082 300 aa
1151 201 1234 314 787

151 379 403 467 δποξαιροῦπαι
431 379 543 456 πάντες
562 377 593 444 ολ
611 383 676 448 τῶν
694 383 851 466 rupim
867 379 1092 469 χαριοολδριοι
1113 384 1169 449 καὶ
1186 405 1240 448 νο·

150 479 262 567 αιίριοι
281 477 337 548 καί
354 478 396 546 τοὶ
415 482 528 562 duorlar
547 480 604 545 καί
619 477 793 566 διιουρμίαι
811 481 871 545 καί
888 478 920 546 οἱ
939 477 994 547 διὰ
1021 478 1143 557 πόλιας
1160 477 1242 547 πάν·

152 603 220 658 τες.
260 581 455 663 καὶγίνεται
474 578 495 663 ἡ
516 575 649 664 διανομὴ
675 580 723 655 εἰς
751 573 871 661 μένους
897 575 975 656 rode
1004 570 1161 666 ἄρχοντας
1184 583 1244 645 τοῦ

153 679 350 760 λαυσιαιιοῦ,
371 670 435 743 οἷον
455 681 726 764 εἰς’μαγίστρους,
747 679 994 763 πραιποσίτους,
1024 677 1243 760 οἷνθυπότους,

128 774 365 859 5πατρικίονς,
398 780 724 863 πριοτυσπαθαρίους,
754 775 814 842 οὖν
840 785 906 853 τοῖς
930 775 1095 860 οδνοιίχοις
1121 801 1244 864 aporo-

155 877 352 961 σπαθαρίοις
386 877 443 941 καὶ
468 871 585 957 μόνον·
626 875 1000 962 σπαθαροκανδιδέτοις,
1030 881 1245 963 σπαθαρίοις,

157 973 216 1041 καί
231 972 410 1060 σνράτωρες
429 976 486 1040 καί
504 975 721 1056 κανδιδοίτοις,
742 973 798 1040 καὶ
816 977 862 1052 εἰς
881 972 959 1052 τούς
978 979 1149 1060 λεχθέντας
1168 979 1246 1054 dior·

157 1077 329 1159 βριματαῖν
350 1075 563 1157 δποκομβίαν.
584 1072 616 1139 οἷ
632 1072 693 1160 γὰρ
715 1077 774 1140 τοῦ
793 1076 1014 1157 κονβουκλειλιυ
1028 1071 1140 1153 πάντες
1160 1077 1247 1142 idru-

159 1170 277 1252 ζόντιος
295 1171 337 1239 τοὶ
359 1171 539 1257 οἶποκέμβια
558 1171 781 1258 λαμβάνουσιν.
878 1221 881 1224 -
962 1226 964 1229 -
1252 1190 1275 1244 c

114 1285 159 1330 ¹⁰
441 1293 520 1362 Περὶ
538 1295 690 1358 συνηθείας
705 1293 765 1346 τιδν
781 1289 962 1365 δριικλινοδν.

238 1385 325 1454 Ἐπεί
344 1387 456 1464 δὲτὰς
476 1386 530 1451 διαὶ
552 1389 616 1455 τῶν
635 1394 794 1480 βραβεάον
814 1398 869 1458 καί
888 1392 942 1459 διὰ
963 1390 1064 1478 λόγων
1082 1416 1248 1481 προσγινο-

159 1485 265 1566 μένων
298 1485 395 1564 ἀξιῶν
422 1485 593 1572 διαιρέσεις
622 1491 679 1552 καί
706 1489 961 1576 ὑποδιαιρέοεις,
999 1486 1104 1570 αὔξεις
1129 1517 1165 1558 τε
1178 1492 1250 1557 ‘aas‘

160 1582 323 1665 μειώσας,
360 1583 567 1670 προσκλήσεις
597 1609 632 1651 τε
668 1588 724 1652 καί
749 1584 959 1674 ὑποκλήσιις,
995 1595 1041 1667 εἰς
1067 1591 1251 1678 τούμφανὲς

161 1679 362 1770 ἐποιήσαμεν,
385 1687 464 1770 φέρε
484 1681 522 1770 δὴ
552 1687 608 1749 καί
634 1684 692 1762 τοὶς
712 1683 847 1752 ἔκπαλαι
866 1686 943 1763 τούς
963 1689 1141 1776 ἄρτικλίνας
1160 1690 1250 1774 παρὰ

121 1785 225 1862 ,sauir
243 1787 400 1867 βασιλέοιν
419 1785 661 1860 ἐκιυπαθείσας»
674 1785 863 1868 συνηθείας,
884 1787 940 1850 καί
959 1788 994 1851 dn
1014 1786 1106 1852 τίνων
1123 1785 1252 1873 προσιδ-

162 1907 233 1947 ποον
252 1883 374 1958 ταύτας
395 1881 517 1947 διδόναι
539 1885 646 1962 αὐτοῖς
671 1884 855 1970 ἤφορίσθη,
887 1887 922 1948 έν
948 1887 1013 1950 τῶν
1033 1887 1251 1972 α’ρχαιοτέρων

162 1976 386 2065 ὖρανισοῖμινοι
417 1982 493 2068 τῇδο
522 1985 564 2068 τῇ
593 1985 703 2070 γραφῇ
723 1984 958 2068 παραδοίημεν.
998 1987 1284 2068 προβαλλομένης»

161 2076 224 2164 γὰρ
255 2082 373 2165 ζαοαῆς
400 2071 627 2166 ἢμαγίστρου,
650 2083 775 2145 δίδοται
798 2074 906 2157 αὖτοῖς
933 2073 1122 2159 έξὲκοὶστου
1144 2081 1252 2146 attur
1278 2105 1281 2114 ·

161 2177 311 2256 καθάπαξ
330 2230 351 2262 ,,
372 2179 429 2246 κδ’.
452 2182 632 2262 τιμωμένου
651 2181 687 2244 δὲ
707 2181 889 2262 συμκέλλου,
910 2179 1034 2245 δίδοται
1045 2174 1154 2254 αὐτοῖς
1174 2204 1252 2245 σον-

123 2275 260 2362 wil-‘leto
281 2283 354 2364 παρ’
384 2279 486 2342 αδτοῦ
517 2277 666 2354 καθάπαξ
686 2327 709 2359 ,,
730 2275 780 2360 ιβ.
823 2275 1018 2362 ἀναγομένου
1040 2282 1076 2343 δὲ
1096 2277 1251 2361 εὐνούχου

163 2369 365 2464 ἢβαρβάτου
387 2379 432 2455 είς
451 2376 697 2464 πατρικιόοητα,
717 2369 740 2461 ἢ
761 2374 950 2448 ἀνθυπάτου
969 2378 1136 2460 γενομένου
1156 2373 1251 2457 τινὰς,

237 2549 260 2583 ι.
278 2530 506 2615 δφεξαιροδνται
525 2529 584 2585 cod.
605 2536 634 2583 et
650 2530 692 2583 ed.
730 2576 732 2579 .

166 2646 325 2702 chartularii
342 2658 370 2703 et
383 2631 502 2714 notarii,
530 2656 559 2703 et
577 2651 626 2767 apri
646 2648 681 2702 ad
693 2649 869 2713 vestiarium,
894 2618 989 2721 etqui
1010 2648 1046 2702 ad
1067 2648 1251 2704 ministerium

166 2720 330 2771 culinarium
363 2723 492 2783 ertineut,
510 2728 538 2773 et
550 2737 582 2772 ur
602 2720 649 2771 ani
672 2734 784 2787 omnes3
813 2720 937 2790 adeoque
958 2722 1125 2790 participant
1146 2718 1181 2773 tle
1194 2720 1252 2773 dis-

165 2785 320 2841 tributione
342 2737 519 2842 donariorum
539 2798 604 2841 tuuc
628 2789 688 2843 deri
701 2790 845 2841 solitorum
859 2798 966 2842 tantum
980 2806 1106 2861 proceres
1122 2790 1251 2858 tauriacir

166 2868 200 2913 ut
210 2861 342 2929 magistri,
363 2860 524 2929 praepositi,
541 2860 736 2928 proconsules,
759 2859 880 2929 patricii,
900 2860 1113 2931 protospatharii
1130 2859 1249 2927 barbuti,

165 2928 380 3001 protospatharii
399 2928 535 2994 eunuchi;
566 2929 615 2981 sed
631 2929 661 2982 hi
678 2930 730 2981 soli
750 2937 857 2983 tantum
879 2929 914 2981 de
950 2946 1031 2982 encre
1047 2929 1249 2998 eunuchorum

167 2999 449 3070 spatharocandidati,
473 2998 621 3069 spatharii,
645 3006 790 3063 stratores,
811 2949 949 3053 candidatl
964 3008 992 3052 et
1006 3001 1068 3062 illl,
1091 3003 1139 3071 qui
1153 3001 1252 3070 appel-

167 3068 269 3121 latione
293 3068 434 3141 ἐξιδβριμα
460 3068 685 3140 apocomhiorum
706 3068 981 3139 comprehenduntur.
1023 3067 1150 3121 cubiculi
1176 3071 1252 3123 enim

167 3137 291 3193 homines
318 3156 412 3192 omnes
439 3139 552 3191 seorsim
584 3141 725 3209 accipiunt
751 3148 818 3192 tunc
842 3141 973 3211 temporis
1004 3139 1166 3209 apocombia
1191 3156 1251 3200 sua.

442 3276 475 3313 D!
494 3275 695 3312 consumtum
711 3274 857 3314 turicum
875 3276 977 3313 imm.

234 3362 298 3413 Post
310 3364 447 3433 expositas
461 3363 546 3433 igitur
561 3361 740 3432 dignitatum,
763 3369 818 3414 tam
834 3378 943 3425 esrum,
969 3376 1040 3431 quae
1058 3378 1119 3415 cum
1137 3363 1251 3432 insigni·

168 3428 239 3496 hus,
256 3449 338 3502 quam
353 3450 460 3495 earum,
476 3448 547 3503 quac
560 3432 634 3485 nudo
653 3433 736 3486 verbo
752 3432 925 3496 tribuuntur,
948 3431 1115 3486 ‹liffcrentias
1133 3436 1250 3491 maiores

168 3503 352 3573 minoresque,
372 3505 540 3556 incrementa
555 3510 583 3555 et
597 3500 779 3565 decrementa,
793 3500 985 3554 introducendi
1003 3503 1039 3555 ad
1057 3519 1158 3555 sacram
1172 3520 1252 3559 men·

170 3588 226 3625 sam
251 3582 279 3627 et
304 3572 369 3627 inde
387 3590 478 3627 rursus
503 3570 637 3625 educendi
654 3573 766 3635 modos,
791 3571 904 3641 agedum
930 3572 1065 3625 tradamus
1085 3590 1159 3625 nune
1180 3592 1252 3645 quo·

170 3658 224 3725 pue
251 3645 409 3713 compilatas
430 3658 464 3695 ex
488 3645 610 3712 antiquis
627 3643 706 3695 libris
730 3641 958 3706 eonsuetudines,
986 3658 1053 3714 quas
1071 3644 1252 3713 Imperatores

171 3726 225 3763 ram
243 3730 258 3765 a
277 3714 359 3782 longo
378 3721 502 3782 tempore
519 3714 654 3766 orticlinis
673 3713 852 3783 assignarunt,
873 3719 989 3781 quantas
1003 3720 1058 3764 eta
1072 3712 1173 3783 quibus
1185 3715 1254 3766 dau·

173 3780 227 3831 das.
264 3784 389 3837 Promoiu
408 3784 504 3853 itaque
521 3791 595 3835 rosta
614 3790 662 3835 aul
679 3783 823 3853 magistro,
856 3783 995 3851 accipiunt
1013 3783 1048 3835 ab
1072 3799 1165 3835 eorum
1183 3802 1255 3838 uno·

172 3866 282 3923 quoque
309 3854 338 3907 in
363 3855 521 3907 universum
546 3852 605 3926 [pro
623 3860 683 3906 toto
701 3871 751 3906 suo
770 3848 894 3935 corpore]
921 3853 1018 3921 viginti
1038 3862 1157 3922 quatuor
1173 3872 1255 3907 num-

172 3935 229 3971 mos
254 3937 364 3991 aureos;
395 3924 530 3993 syncellus
554 3930 694 3993 promotus
723 3923 771 3974 dat
794 3922 861 3990 ipsis
880 3938 911 3974 ιιι
935 3921 1090 3976 universum
1108 3920 1254 3977 duodecim

172 4006 277 4043 aureos.
311 3994 443 4047 Eunucho
460 3992 611 4047 barbatove
628 3992 664 4044 ud
687 3991 862 4062 patriciatum
879 3999 988 4054 evecto,
1023 3998 1071 4042 aut
1093 3996 1252 4045 renuntiato

174 4060 292 4131 quodam
309 4065 482 4131 proconsule,
499 4064 640 4136 accipiunt
655 4061 690 4114 ab
709 4078 805 4117 eorum
823 4076 992 4133 unoquoque
1010 4060 1155 4115 duodecin
1171 4080 1253 4119 uum·
1359 4104 1365 4115 ,
