3042 4825
297 185 380 300 74⁰
499 131 774 279 cousrsdrrur
814 210 1182 280 rourumocmm

290 371 451 452 πέμπτοι,
479 363 559 452 πρός
590 367 627 432 τό
650 365 768 444 αὑτοός
789 367 824 432 ἕν
851 369 897 456 τῷ
916 368 1051 457 δευτέρῳ
1079 367 1182 456 μίνσρι
1200 369 1255 452 τῆς
1273 369 1421 452 τραπέ-

292 467 347 550 ζης
368 463 549 549 τυγχάνειν.
591 464 621 530 οἱ
642 468 678 532 δὲ
714 460 777 530 ὑπὸ
802 469 868 532 τῶν
888 461 1045 550 Νοὺνων,
1075 459 1146 552 ἦτοι
1175 465 1390 553 Βουλχόροον
1401 515 1416 546 ,

290 561 510 651 εἰσερχόμενοι
537 568 628 652 φιλοι
655 567 691 632 έν
708 566 770 647 μὲν
790 568 831 653 τῇ
851 564 960 649 κλήσει
978 566 1042 631 τῶν
1071 568 1184 632 κοινῶν
1212 565 1414 650 κλητωριλτσν

289 668 435 750 τέταρτοι
457 661 479 750 ἢ
499 667 633 748 πέμπτοι
663 666 698 732 ἐν
717 669 757 752 τῇ
777 665 932 754 εὑωνόμῳ
952 667 1043 730 θέσει
1062 649 1298 753 κληθήσονται,
1337 667 1414 748 δη-

288 759 393 830 λονότι
423 763 653 841 ὑποπίπτοντες
685 766 743 830 καί
771 757 865 830 αὑτοὶ
882 768 921 851 τῇ
940 766 1004 829 τῶν
1023 762 1198 851 πατρικιλον
1216 767 1275 828 καί
1294 773 1433 848 ωριτε-5

291 865 395 948 τηχῶν
422 864 478 928 κατ’
505 860 632 928 πόντων
658 865 722 928 τῶν
749 865 785 928 έν
804 863 850 950 τῷ
881 863 969 952 βήλρν
990 865 1165 949 πατρικίων
1194 865 1411 946 τεταγμένων

292 955 473 1048 ἆρχόντων,
511 961 724 1038 ἀπολαύοντες
751 965 810 1027 καί
831 955 925 1027 αὑτοό
954 961 1011 1028 τόν
1035 964 1186 1048 δεότερον
1203 965 1321 1044 μίνσον
1339 963 1411 1044 τῆς

290 1064 459 1146 βασιλικῆς
487 1063 657 1148 τραπέζης.
697 1063 732 1126 ἐν
762 1064 799 1127 δὲ
819 1071 886 1138 τοῖς
905 1060 949 1126 ιβ’
964 1067 1034 1168 Ιτῶν
1062 1057 1181 1148 ἑορτῶν
1211 1061 1408 1143 ῶτουβιτοις

292 1158 543 1246 κλητωρεὺονται
564 1153 669 1246 όχόοοι
690 1164 746 1226 καί
766 1161 903 1244 ἔννατοι,
932 1163 1075 1247 δηλονότι
1103 1162 1336 1236 ὑποπιλττοντες
1355 1163 1408 1246 τῇ

235 1298 236 1303 1
288 1259 374 1338 τάξει
394 1263 455 1323 τοὺ
475 1263 705 1346 προλεχβὲντος
728 1259 841 1345 βήλου.
883 1259 913 1325 οῖ
934 1263 970 1326 δὲ
991 1263 1026 1325 dx
1048 1265 1207 1349 Φρόχγων
1227 1265 1450 1344 πρέσβεις,το

140 1362 322 1442 fluctuet
338 1360 398 1441 μὲν
418 1357 521 1442 ἔχοιεν
549 1364 769 1443 χειροτονίας,
790 1359 871 1425 κατό
893 1359 1010 1436 ταύτας
1030 1357 1263 1446 κληθήσονται·
1306 1361 1406 1423 εἰδὲ

287 1459 432 1542 παχανοί
456 1461 556 1542 εἰσιν,
586 1463 626 1547 τῇ
649 1463 715 1525 τῶν
746 1459 963 1546 όφφικιαλίιον
982 1461 1197 1526 ὑποπίπτουσι
1219 1458 1319 1538 τάξει.
1364 1455 1405 1522 οἱ

287 1560 325 1624 δέ
343 1563 379 1625 ἐκ
398 1562 463 1624 τῶν
494 1562 614 1625 λοιπῶν
637 1562 742 1626 ἐθνῶν
763 1560 933 1643 ἐρχόμενοι
963 1563 1053 1646 φιλοι
1072 1564 1112 1651 τῇ
1131 1563 1196 1627 τῶν
1223 1562 1402 1644 cundopo-

287 1656 487 1726 κανδιδότων
512 1659 725 1724 ὑποπίπτουσι
748 1656 864 1736 πάντες
884 1660 969 1750 α’ξίρ.

659 1839 665 1860 ,
760 1791 856 1864 Τόμος
874 1789 908 1848 δ’.
1398 1765 1440 1828 ¹5

368 1893 495 1984 Ἐπειδή
518 1897 572 1982 τῆς
592 1896 655 1960 τῶν
676 1885 864 1978 οἷρτικλινῶν
884 1891 1060 1981 ἐπιστήμης
1081 1891 1185 1978 lteris
1214 1919 1288 1958 τινα
1311 1919 1394 1978 προ-

289 1999 444 2083 χματείαν
465 1993 720 2082 σογχρόψασθαι
742 1994 1012 2076 ἐσπουδάσαμεν,
1045 1993 1102 2058 καί
1119 1993 1175 2069 τοὶς
1194 1995 1254 2058 τοὺ
1273 1995 1392 2058 οἰκείου

288 2095 515 2177 πολιτεύματος
535 2096 627 2170 οἶξίας
648 2095 886 2178 ἐκφαντορικῶς
906 2095 941 2159 ἓν
960 2103 1031 2171 ταῖς
1052 2096 1227 2180 καθέδραις
1249 2095 1391 2176 οἷκριβῶς

289 2197 481 2276 ἒξεθέμεθα,
518 2191 574 2256 καί
600 2190 659 2276 τήν
678 2195 741 2256 τῶν
762 2193 858 2277 ἱερῶν
877 2191 1052 2275 βασιλικῶν
1073 2193 1254 2278 κλητωρίων
1274 2193 1389 2258 εόστό-

260 2298 366 2363 Βόιαν
385 2296 442 2356 καί
460 2289 656 2356 κατάστασιν
678 2289 753 2371 ὑμῖν
774 2289 993 2374 ὑπεδείξαμεν,
1015 2293 1094 2376 φέρε
1116 2289 1155 2376 δή
1171 2291 1229 2356 καί
1246 2290 1305 2368 τοὶς
1324 2292 1429 2358 idi-ao

264 2380 330 2469 ἀς
348 2393 414 2457 τῶν
433 2393 487 2479 ἐφ’
506 2385 623 2478 ἑκάστη
644 2385 738 2477 ἑορτῇ
757 2394 1008 2477 κικλήσκομένων
1037 2385 1227 2474 οἷξιωμότων
1255 2391 1312 2457 καί
1335 2389 1388 2470 τὰς

290 2579 419 2632 collocati
438 2576 537 2630 sedent
548 2576 578 2627 in
596 2575 706 2629 sinistra
725 2576 866 2645 positione
886 2575 950 2649 [seu
965 2578 1055 2646 prirnn
1073 2592 1168 2629 meuse
1183 2578 1279 2647 plagae
1298 2578 1387 2630 tricli-

291 2650 335 2703 nii
353 2645 499 2718 sinistrae]
525 2646 618 2717 quarti
642 2662 657 2695 s
680 2648 819 2715 principio
841 2657 890 2699 aut
914 2647 1027 2717 quinti,
1062 2646 1128 2719 quia
1150 2664 1251 2717 nempe
1270 2648 1323 2699 snb
1343 2665 1386 2701 se-

292 2719 413 2773 cundum
438 2719 551 2770 missum
576 2715 685 2768 cadunt.
723 2716 781 2785 Qui
801 2715 836 2768 ab
860 2718 968 2769 florinis
995 2719 1153 2785 Bulgsrisve
1182 2718 1262 2770 amici
1288 2718 1386 2769 adiue-

292 2792 364 2853 rint‚
389 2792 418 2841 in
437 2789 596 2841 evocatione
615 2788 801 2839 communium
820 2796 850 2839 et
868 2798 1061 2843 consuetorum
1084 2790 1271 2841 conviviorum
1294 2790 1385 2860 quarti

293 2869 342 2913 aut
362 2858 452 2929 quinti
471 2859 676 2911 introvocantor
694 2858 723 2907 iu
741 2857 862 2909 secunda
883 2859 1039 2927 positione,
1057 2860 1163 2911 scilicet
1177 2863 1261 2913 etiam
1279 2858 1309 2910 hi
1325 2866 1385 2927 post

291 2930 426 3003 patricios
454 2928 621 2999 eosdemque
648 2934 782 2995 strategos
799 2936 827 2979 et
844 2944 939 2980 omnes
957 2930 987 2981 in
1005 2927 1136 3001 vclo[seu
1156 2926 1281 3000 corpore]
1301 2932 1385 2997 patri-

293 3002 398 3054 ciorum
418 3000 593 3060 constitutos,
610 3006 637 3049 et
655 2998 737 3047 simul
750 3016 810 3049 cum
820 2999 942 3068 patriciis
953 2998 988 3050 ad
999 3001 1149 3067 Augustum
1165 2999 1275 3051 admitti
1291 3000 1383 3051 solitos

293 3071 487 3138 magistratur5
507 3078 537 3120 ut
562 3070 644 3119 etism
669 3068 723 3136 ipsi
749 3069 871 3121 secundo
891 3072 975 3121 missu
996 3084 1087 3120 sacrae
1114 3086 1224 3121 mensae
1254 3071 1383 3122 fruantur.

292 3142 326 3193 In
346 3141 526 3192 novendecim
545 3137 677 3190 accubitis
696 3146 805 3201 nutem,
826 3141 875 3209 qui
895 3141 1028 3191 celebrari
1054 3140 1153 3192 dicbus
1176 3140 1253 3191 lestis
1280 3142 1383 3203 solent,

295 3218 442 3263 evocantur
460 3210 488 3261 hi
507 3212 595 3261 octavi
613 3215 661 3261 aut
678 3212 761 3274 noni,
792 3212 899 3263 scilicet
916 3219 979 3278 post
996 3210 1088 3261 velum
1106 3228 1154 3261 scu
1173 3225 1270 3279 corpus
1288 3228 1383 3280 proce·

294 3298 354 3334 rum
373 3279 551 3349 praedictum.
589 3278 754 3331 Francorum
773 3279 885 3332 tandem
899 3280 991 3349 legati,
1010 3282 1032 3333 si
1053 3279 1165 3351 guidem
1184 3281 1306 3333 investiti
1322 3290 1384 3334 sunt

296 3350 459 3403 muneribus
488 3351 579 3421 iisque
613 3350 781 3419 funguntur,
815 3360 964 3403 evocantur
985 3350 1136 3403 secuudum
1160 3350 1218 3405 illa.
1266 3352 1296 3404 Si
1320 3369 1382 3404 rcro

294 3428 360 3475 strnt
377 3420 476 3490 pagani
495 3436 542 3471 seu
562 3422 630 3473 cassl
649 3419 846 3489 dignitatibus,
865 3421 1072 3493 subsequuntur
1088 3422 1205 3474 classem
1223 3420 1383 3481 officialium,

294 3491 453 3561 lleliquise
480 3490 607 3561 gentibus
636 3489 817 3545 advenientes
838 3492 920 3545 amici
941 3491 1093 3546 succedunt
1118 3492 1154 3545 ad
1180 3510 1266 3546 uuum
1291 3510 1382 3547 omnes

295 3564 375 3615 classi
393 3558 741 3633 spatharocandidetorum.

726 3681 811 3719 clrur
827 3679 959 3730 Quum.

364 3768 510 3838 Postquam
532 3766 614 3837 igitur
642 3766 775 3820 scientiae
799 3768 968 3822 orticliuicae
997 3769 1145 3839 specialem
1170 3768 1307 3840 quendam
1330 3776 1382 3822 trs·

294 3839 443 3892 eletionem
465 3836 636 3890 conscribere
665 3838 823 3902 studentes,
849 3839 960 3910 imperii
982 3841 1071 3892 nostri
1098 3840 1247 3911 dignitates
1272 3840 1381 3893 demon·

294 3910 408 3963 stretire
432 3908 617 3978 distincteque
645 3924 679 3961 ex
701 3910 821 3961 osuimus
843 3926 1035 3981 sacrorumque
1053 3912 1241 3964 conviviorum
1258 3910 1378 3964 decorem

294 3988 380 4051 etque
399 3980 627 4033 constitutionem
644 3926 722 4031 τοόίτ
734 3979 932 4033 exhibuimus:
951 3980 1068 4049 agedum
1083 3983 1202 4035 narrabo
1219 3981 1298 4035 robis
1315 3998 1379 4051 quo-

294 4066 365 4121 qne,
393 4050 531 4122 quomodo
551 4051 655 4120 species
677 4048 860 4118 dignitatum,
878 4068 950 4124 qnae
968 4053 997 4105 in
1015 4070 1184 4125 unoquoque
1201 4052 1249 4105 dic
1267 4052 1337 4105 leste
1348 4050 1380 4105 ed

295 4136 417 4175 mensem
431 4122 523 4176 vacari
541 4120 641 4187 solent,
659 4130 688 4175 et
704 4122 889 4181 multiformes
908 4138 1001 4179 earum
1015 4126 1140 4191 restitus,
1158 4124 1261 4197 quibus
1286 4138 1380 4196 ηοω·
