3042 4825
337 161 621 308 colonomon.
654 200 792 268 sume
816 201 989 268 rrzsur.
1019 201 1061 265 ιι.
1080 202 1133 276 52
1197 169 1281 286 747

181 357 322 440 πίμιιτης
335 354 459 440 ἡμέρας
479 355 534 418 ἀεί
543 350 630 435 ἀμάς
644 355 901 438 πραευτρειιιζειν
916 354 964 429 εἰς
978 353 1090 436 κλῆσιν
1104 355 1159 440 τῆς
1175 355 1285 436 τιμίοις

181 447 281 530 ὅντως
297 455 466 538 βασιλικῆς
479 453 639 538 τραπέζης
650 451 735 535 ὁμοῦ
753 453 788 518 ἐκ
802 455 865 520 τοῖν
884 445 1033 539 ἀνωτέρω
1046 456 1314 539 μνημονευθὲν-Ῑ),

179 579 246 620 των
263 551 400 632 ἐνδόξων
414 554 607 638 μεγιστάνων
625 549 688 618 σάν
704 555 765 616 τοῦ
779 551 1041 634 δομεστίκουτοάν
1059 548 1223 633 ἰκανάτιον,
1236 554 1286 638 φί-

180 658 258 730 λους
278 650 332 718 τὸν
351 649 492 738 ἀριθμὸν
513 649 565 736 ιβ,
602 650 658 717 καί
676 650 817 735 εἰσάγειν
839 649 960 729 adroic
978 649 1060 736 μετά
1079 655 1143 719 τιόν
1163 649 1287 718 οἰκείων

158 747 421 836 ὅάλλαξιμάτων,
442 751 552 831 aubrie
574 747 721 838 ἀνωτέρω
744 751 930 837 δεδήλωται.
967 753 1003 818 ἐν
1022 756 1059 818 δὲ
1078 761 1146 828 τοῖς
1165 756 1287 825 λοιποῖς

179 855 359 936 ἀκσυβιτοις
380 856 435 918 δεῖ
449 859 557 920 καλεῖν
577 853 663 936 ὁμοῦ
682 849 869 936 βασιλικοάς
899 850 1107 938 ἀνθρώπους,
1135 851 1179 929 ἀς
1201 850 1287 915 ἀνω-

178 955 262 1036 τέρω
294 950 484 1040 τίρῆκαμεν.
524 955 559 1019 ἐν
585 956 621 1018 δὲ
653 962 719 1028 τοῖς
752 954 920 1037 κατωτέρω
948 949 1023 1026 roric
1044 942 1202 1038 ἄρχοντας
1225 950 1287 1013 rori

177 1052 338 1137 τάγματος
357 1056 421 1120 τοῖν
442 1054 550 1120 orieris
570 1051 745 1134 ἱκανάτων,
774 1047 842 1120 οἷον
869 1049 1085 1138 τονιοτηρητῆν
1105 1053 1169 1116 τάν
1187 1051 1286 1136 κομῆ-

177 1175 254 1234 των,
274 1149 332 1218 τάν
349 1151 588 1240 χαρτουλάριον
607 1156 671 1218 τιόν
692 1149 888 1238 κεντάρχων,
913 1147 1148 1239 βανάοφόρων,
1171 1173 1286 1234 σημει-

139 1246 329 1338 ιοοφὸροιν,
362 1251 608 1340 δουκινιατόρων
630 1250 687 1318 καί
711 1248 944 1337 μανάατάρων,
978 1248 1026 1317 od'
1052 1248 1109 1317 τάν
1130 1245 1284 1335 ἀριθμὸν,

176 1351 235 1416 καί
253 1354 389 1436 πένητας
409 1348 461 1434 ιβ,
483 1349 621 1436 εἰσάγειν
642 1353 679 1418 δὲ
700 1349 822 1428 αάτοάς
843 1351 878 1416 ἰν
896 1351 939 1440 τῇ
961 1344 1153 1436 ἀνακλήσει,
1174 1342 1286 1422 sedne

175 1447 234 1514 καί
252 1452 288 1515 ἐν
314 1459 382 1526 τοῖς
411 1457 533 1527 λοιποῖς
561 1448 702 1535 τάγμασι
729 1450 989 1537 προεγράριαμεν.
1029 1449 1223 1534 σημειωτέον
1243 1447 1433 1534 dimum

174 1552 289 1616 τοῦτο·
326 1553 358 1615 εἰ
376 1547 438 1637 γάρ
461 1552 497 1616 ἕν
514 1555 554 1639 τῇ
574 1548 683 1641 προάτη
703 1550 810 1639 ῆμὲρρ
828 1554 886 1634 τῆς
904 1541 1083 1633 ἑβδομάδος
1102 1549 1123 1634 ἡ
1144 1548 1210 1614 τῶν
1230 1548 1285 1612 ἐν·

177 1647 279 1726 δόξων
296 1652 356 1715 τοῦ
373 1653 522 1735 Χριστοῦ
543 1651 714 1734 γενεάλιλον
735 1652 851 1734 ἐπέστη
872 1645 980 1736 icore),
1004 1645 1143 1715 accidui
1165 1643 1285 1729 ταάτης

139 1747 197 1837 ι5ῆ
218 1751 282 1814 τοῖν
303 1745 345 1814 sd'
369 1747 547 1832 ἀκουβίτων
567 1752 711 1828 δεξίωσις
733 1745 793 1835 τῆν
813 1745 919 1835 ἀρχὴν
941 1749 1155 1832 ἐπιδείξηται,
1177 1743 1284 1830 deiri-

175 1849 241 1930 μάς
263 1849 299 1912 ἕν
319 1849 360 1935 τῇ
380 1850 452 1936 ἕκτη
472 1845 576 1937 ῆμέρρ
596 1848 652 1913 tul
669 1852 730 1932 μὲν
763 1850 821 1934 τῆς
848 1849 956 1931 τιμίοις
975 1847 1144 1931 βασιλικῆς
1163 1846 1282 1932 τραπέ-

177 1950 233 2032 ζης
252 1953 421 2032 συγκαλεῖν
442 1949 487 2023 εἰς
510 1943 653 2014 ἑστίασιν
674 1946 730 2014 τάν
751 1949 1001 2034 ἀρχιεπίσκοτιον
1022 1951 1431 2027 Κωνοτανιινου-Μι.οῆη.1ι

174 2042 297 2121 πόλεως
315 2044 398 2127 μετά
419 2049 478 2111 καί
506 2046 546 2130 ιβ
570 2044 755 2132 ἡγουμένων
780 2050 845 2113 τῶν
873 2049 910 2114 ἐν
928 2051 968 2136 τῇ
995 2048 1072 2133 τιερί
1090 2044 1176 2131 ἡμᾶς
1194 2045 1283 2133 τόμρι

174 2143 345 2227 κειμένων,
378 2141 518 2229 εἰσάγειν
539 2148 575 2211 δὲ
607 2143 725 2221 αάτοάς
755 2149 790 2212 ἐν
810 2148 851 2235 τῇ
874 2144 1047 2232 ἀνακλήσει
1068 2139 1185 2220 οὕτως·
1225 2140 1283 2210 τάν

134 2247 236 2327 noreio
256 2242 461 2330 πατριάρχην
481 2242 543 2312 σάν
561 2245 605 2334 τρῖ
625 2250 758 2328 βασιλεῖ
773 2241 844 2328 ἅμα
872 2249 932 2312 τοῦ
960 2248 1073 2330 στίχου
1101 2245 1148 2322 εἰς
1166 2241 1203 2310 τά
1227 2241 1284 2311 ε’τιί

176 2345 296 2433 δίφρου
330 2347 548 2431 καθεσθῆναι·
590 2342 667 2421 τούς
698 2347 734 2410 δὲ
761 2345 871 2424 ὁσίους
904 2346 1099 2431 ἡγουμένους
1128 2341 1282 2430 στιχηδάκ

175 2442 257 2511 κατά
276 2442 334 2531 τῆν
352 2447 472 2511 οἰκείαν
491 2441 583 2525 τάξιν
610 2442 667 2511 καί
696 2440 904 2532 ἁρμόζουσαν
924 2445 1038 2523 δόξαν·
1083 2445 1222 2529 εἰσάγειν
1242 2443 1281 2511 δί

175 2716 236 2755 rare
257 2696 396 2752 vocandos
415 2696 572 2753 adsueram
592 2705 621 2751 et
643 2714 707 2753 rere
726 2697 828 2769 regiam
855 2713 977 2750 mensam
1000 2696 1147 2752 duodecim
1175 2698 1279 2751 emices

174 2770 211 2825 de
234 2768 391 2823 illustribus
407 2769 569 2838 proceribus
586 2766 857 2839 supra'memoratis,
872 2784 990 2841 quorum
1010 2787 1081 2823 unus
1102 2788 1135 2823 eo
1157 2768 1280 2823 dicerit

84 2902 87 2909 Α
174 2838 341 2893 demesticos
360 2837 560 2896 hicauatcrum.
596 2840 653 2905 lli,
672 2839 774 2893 utiam
794 2847 936 2902 notatum,
956 2841 1120 2910 inpropriis
1142 2838 1198 2892 suis
1217 2856 1280 2891 mu-

172 2910 285 2963 tatoriis
302 2910 526 2969 introducuntur.
570 2909 612 2962 Ad
634 2911 755 2981 reliquos
781 2910 863 2963 simul
889 2926 984 2963 omncs
1015 2910 1158 2963 accubitus
1181 2925 1278 2963 vocare

174 2989 303 3050 oportet,
328 2981 363 3034 ad
384 2982 486 3050 primos
509 2978 622 3053 quidem
647 2999 662 3033 τ
687 2997 764 3035 sacro
784 2982 924 3051 proximos
948 2981 1076 3034 homines
1102 2981 1277 3050 imperiales,

174 3060 208 3105 ut
225 3052 277 3103 iam
300 3052 437 3115 diximns3
465 3050 500 3103 sd
525 3051 670 3105 inferiores
695 3060 788 3105 autem
803 3051 954 3105 eorundem
978 3052 1102 3119 ipsorum
1128 3052 1277 3105 hicanatc·

174 3138 235 3174 rum
260 3130 397 3185 rectores,
425 3132 457 3175 ut
482 3129 686 3192 topotcretam,
711 3126 839 3186 comites,
863 3120 1073 3188 chartularium,
1095 3123 1277 3187 centarchos,

173 3189 385 3261 baudophorcs,
402 3192 589 3256 vexilliferos,
606 3192 786 3247 ducenatores
820 3202 849 3247 et
865 3193 1059 3258 mandatores,
1076 3192 1111 3245 ad
1128 3210 1276 3247 numerum

174 3264 246 3329 cod,
272 3270 305 3335 et⁴
313 3268 428 3385 fractor
445 3280 492 3317 eos
511 3262 602 3317 adhuc
627 3262 774 3317 duodecim
794 3280 938 3333 pauperes.
973 3264 1106 3318 Evocatus
1128 3264 1168 3316 ita
1191 3280 1275 3334 opor-

173 3340 216 3387 tet
237 3332 311 3386 intro
334 3350 425 3397 ucere,
442 3342 482 3399 ut,
499 3351 586 3407 quum
607 3333 641 3387 de
660 3336 758 3389 ceteris
776 3334 921 3387 ordinibus
943 3333 1110 3399 diceremus,
1135 3335 1275 3405 praescri·

171 3406 286 3475 psimus.
324 3404 503 3471 Tenendum,
520 3406 545 3458 ri
561 3408 679 3476 primum
703 3404 734 3456 in
753 3404 829 3459 diem
845 3402 1027 3460 hebdomadis
1049 3405 1156 3460 incidat
1171 3406 1275 3459 icstnm

190 3475 310 3528 lorlcsue
332 3476 485 3529 esurientis
514 3477 636 3542 Christi,
665 3475 732 3529 inde
754 3493 789 3529 oe
813 3476 927 3529 initium
947 3484 1036 3529 sumat
1060 3477 1215 3530 convivatio
1241 3476 1274 3530 irs

172 3493 236 3601 {lx
257 3544 410 3610 accubitis,
433 3557 544 3618 oportet
564 3565 614 3600 nos
640 3557 718 3601 sexto
734 3494 784 3600 iic
804 3546 838 3620 [is
862 3556 905 3601 cst
923 3544 1045 3620 subbati]
1066 3546 1102 3601 ad
1122 3548 1271 3603 convivan-

172 3614 238 3669 dum
263 3634 325 3671 cum
349 3616 470 3671 Domino
493 3618 737 3689 venerabilemque
764 3618 937 3688 imperialem
958 3636 1082 3672 mensam
1103 3634 1201 3673 vocare
1225 3637 1272 3672 ar·

171 3686 379 3759 chlepiscopurn
406 3689 742 3759 Constantinopolitrnum
774 3708 830 3745 uns
859 3707 920 3743 cum
952 3689 1100 3743 duodecim
1126 3690 1184 3744 illis
1219 3689 1273 3743 he-

171 3761 311 3826 gumenis,
339 3766 388 3830 qui
411 3765 442 3833 iu
468 3760 604 3815 codicillis
626 3761 726 3815 nostris
748 3778 835 3831 penes
854 3779 905 3815 nos
930 3762 1108 3817 haerentibus
1139 3760 1274 3830 descripti

172 3836 202 3880 et
228 3828 364 3951 ἀειίριιιιιί
390 3842 462 3888 snut.
498 3833 630 3887 Evocatus
660 3842 754 3885 antem
779 3850 828 3905 eos
860 3842 971 3902 oportet
986 3833 1042 3885 ‘sic
1078 3830 1272 3886 introducere:

171 3901 355 3967 patriarcam
404 3905 489 3959 simul
523 3921 584 3957 cum
614 3905 785 3973 imperatore
811 3907 939 3976 protinus
970 3904 1044 3973 apud
1077 3902 1272 3956 recitationem

171 3970 254 4021 tlichl
281 3969 350 4041 [teu
382 3976 517 4031 orationis
547 3970 714 4046 mensalis1,
736 3992 792 4045 quo
820 3977 843 4027 is
866 3992 949 4045 super
971 3972 1177 4027 sellaresideat
1200 3970 1272 4047 [ne-

172 4046 421 4122 queaccumbat13
447 4056 556 4102 sanctos
579 4055 671 4099 autem
694 4044 863 4115 hegumenoa
886 4047 1010 4099 seriatim
1028 4044 1179 4098 secundum
1195 4046 1271 4115 ipso-

172 4128 232 4167 rum
260 4112 387 4173 ordinem
409 4127 439 4175 et
471 4118 634 4192 ιλῑριιίιιιαοι
657 4124 867 4191 competentem.
907 4116 1141 4184 lffltodumwfs
1172 4131 1270 4189 ‘tum‘
