3042 4825
328 129 383 191 nn
411 123 607 192 cnumou.
635 117 773 189 tumn
800 103 1116 199 orrannum
1198 127 1284 212 779

172 283 219 348 δέ
240 282 297 366 τῆς
318 280 343 356 ς’
366 283 425 345 τοῦ
445 279 635 364 Αίγοίστον
667 278 769 364 μηνός
801 280 925 366 ἡμέρας
952 280 1124 345 ἐντελεῖται
1146 279 1167 364 ἦ
1187 286 1283 370 προέ-

167 387 289 456 λευσις
314 378 396 462 μετά
429 379 643 461 άλλαξίματσς
671 380 767 465 ἕκτῇ
796 376 917 466 μεγάλη
939 383 998 444 τοῦ
1020 381 1105 446 Θεοῦ
1125 383 1284 469 καθολικῇ

166 480 345 569 ἐκκλησιλη,
376 479 434 544 καί
454 481 643 564 τελουμένης
662 483 718 564 τῆς
739 477 829 566 ἱεράς
848 481 1069 565 λειτουργίας,
1093 483 1281 544 συνεστιῶν-

168 603 234 644 ται
252 581 298 668 τρῖ
315 584 447 662 βασιλελΙ
466 577 495 644 οἱ
516 575 666 654 πολλάκις
690 576 745 642 ἐπέ
772 580 833 642 ’τοῦ
851 575 1014 663 κράματος
1044 580 1314 665 μνημονευθέν-Ῑ)

137 671 232 754 ὅτες
252 681 357 764 φιλαι,
389 677 446 743 καί
466 678 660 766 ὑποστρέφει
682 677 700 743 ὅ
726 675 880 761 βασιλιάς
907 679 962 743 έπί
984 676 1025 743 τέ’
1044 680 1201 744 παλάτιον
1224 681 1283 761 έμ-

170 776 314 863 septimae,
338 777 396 843 καί
410 780 599 864 προτίθεται
620 773 795 863 κλητάρισν
816 781 860 865 τῷ
879 783 1012 860 βασιλεῖ
1027 779 1081 843 ἐπί
1102 777 1283 864 α’ποκοπτῆς

170 880 338 964 τραπέζης
359 880 394 944 ἐν
415 882 460 965 τῷ
480 881 708 946 Ἰουστινιανοῦ
728 877 876 966 τρικλίνῳ
887 928 897 958 ,
918 879 974 942 καί
995 879 1049 942 δεῖ
1065 875 1151 964 ἡμᾶς
1174 879 1282 962 εὔτρι-

169 979 282 1054 πίζειν
311 981 357 1055 εἰς
385 982 589 1046 συνεστίασιν
616 981 662 1066 τῷ
683 983 816 1060 βασιλεῖ
838 978 953 1064 φιλους
992 974 1055 1042 α’πό
1082 981 1138 1062 τῆς
1163 974 1282 1054 τάξεως

169 1079 239 1141 τῶν
258 1078 459 1164 μαγάπρσιν,
481 1076 695 1161 α’νθσπάτοιν,
718 1075 913 1164 πατρικιλον,
937 1075 1171 1164 ὄφφικιαλίων,
1192 1101 1281 1163 πρα-

17 1211 22 1218 -
119 1175 405 1262 ιοτσσπαθαρίσιν
437 1179 492 1243 καί
523 1179 643 1242 λοιπῶν
675 1179 888 1262 συγκλητικῶν
918 1180 983 1242 τῶν
1009 1174 1072 1240 ὑπὸ
1101 1172 1280 1260 καμπάγιον

168 1268 273 1342 ὄντων
293 1271 373 1341 κατά
394 1273 429 1339 τά
455 1273 557 1340 ποσὸν
576 1278 632 1359 τῆς
652 1279 828 1362 τραπέζης·
870 1272 1009 1359 εἰσάγειν
1030 1278 1066 1340 δὲ
1089 1273 1205 1350 αάτούς
1225 1272 1281 1340 καί

167 1349 297 1457 ἐξάγειν
315 1373 396 1458 μετά
419 1378 482 1440 τῶν
503 1376 625 1440 σι’κείισν
655 1373 882 1458 α’λλαξιμάταν
900 1375 1003 1459 χωρίς
1021 1379 1083 1444 τῶν
1101 1373 1278 1459 χλανιιλάον

168 1472 229 1538 διὰ
258 1471 294 1540 τὸ
322 1477 378 1538 καί
403 1473 461 1540 τὸν
481 1477 617 1557 βασιλέα
637 1471 788 1558 parcitati
811 1473 927 1541 οἰκείου
950 1475 1135 1560 διβητησίοο
1159 1499 1279 1557 προκα-

167 1577 342 1658 θεσθῆναι.
368 1577 409 1663 τῇ
438 1577 475 1642 δὲ
502 1571 538 1639 ιε’
562 1576 622 1640 τοῦ
646 1575 746 1640 αὐτοῦ
764 1573 864 1660 μηνὸς
893 1575 998 1661 ἡμέρᾳ
1017 1580 1153 1638 τελεῖται
1174 1576 1423 1658 cippo-EM&

122 1671 227 1738 15er'cs
247 1677 434 1758 προέλεοσις
453 1677 509 1760 τῆς
530 1671 708 1759 κοιμήσεως
727 1677 784 1760 τῆς
806 1674 983 1761 ὖπεραγίας
997 1674 1164 1758 δεσποίνης
1184 1672 1276 1757 ἡμῶν

169 1760 329 1840 Θεατάκου
351 1775 385 1838 έν
404 1777 447 1862 τῷ
468 1775 634 1864 πανσέπτρι
656 1778 723 1864 ναῷ
744 1775 846 1858 αάτῆς
865 1777 911 1861 τῷ
932 1776 969 1840 έν
987 1775 1199 1860 βλαχέρναις,
1219 1775 1277 1837 καί

166 1875 358 1958 τελουμένης
378 1875 435 1955 τῆς
456 1870 545 1958 ἱεράς
566 1875 781 1961 λειτουργίας,
810 1875 1000 1959 προτίθεται
1028 1869 1200 1957 κλητιόριον
1220 1873 1276 1937 ε’πέ

166 1969 351 2056 οἷποκσπτῆς
380 1973 540 2056 τραπέζης
571 1973 606 2040 έν
636 1975 681 2061 τῷ
706 1971 792 2038 κάτω
818 1975 964 2060 τρικλίνῳ
993 1974 1037 2060 τῷ
1068 1961 1141 2036 tirsi
1155 1967 1212 2036 ἐπί
1229 1967 1271 2034 τά

167 2067 312 2136 παλάτια
337 2073 392 2156 τῆς
414 2073 603 2156 θαλάσσης,
639 2072 697 2139 καί
723 2074 955 2158 προκαθέζεται
983 2068 1002 2136 ὅ
1029 2067 1182 2152 βασιλεάς
1210 2067 1272 2135 σάν

124 2170 212 2260 ποτῷ
230 2169 413 2258 πατριάρχη
435 2169 515 2253 μετά
540 2176 600 2237 τοῦ
621 2173 738 2237 οἰκείου
768 2172 870 2238 ον’τοῦ
896 2174 1093 2256 διβητησιλιυ.
1134 2173 1191 2235 καί
1220 2151 1283 2234 trt‘

166 2267 251 2357 ἡμᾶς
271 2271 465 2356 εὐτρεπίζειν
486 2271 531 2347 είς
558 2274 761 2336 συνεστίασιν
790 2271 894 2336 αὐτοῦ
914 2270 1031 2358 φιλους
1050 2267 1114 2334 nino*
1136 2272 1193 2353 τῆς
1211 2266 1269 2335 τά-

168 2377 246 2451 ξεως
263 2374 326 2439 τῶν
344 2371 547 2456 μαγάπρων,
568 2372 803 2457 πραιποαίταν,
833 2370 1043 2453 ἀνθυπάτων,
1073 2373 1266 2454 πατρικίων,

168 2472 404 2559 σ’φφικιαλιλιν,
424 2474 660 2556 μητροπολιτῶν
688 2470 744 2535 καί
772 2474 890 2536 λοιπῶν
910 2469 1072 2555 α’ρχόιτων
1091 2473 1267 2551 βασιλικῶν

167 2594 202 2635 τε
223 2568 279 2635 καί
296 2574 500 2655 ταγματικῶν
522 2569 603 2640 κατά
626 2570 661 2634 τὰ
684 2570 785 2636 ποσὸν
806 2574 863 2657 τῆς
882 2572 1055 2657 τραπέζης’
1085 2567 1290 2653 είσάγονταιΒ

165 2812 273 2869 taleriis
290 2812 320 2865 in
337 2828 463 2883 magnam
480 2813 533 2866 Dei
551 2810 713 2867 catholicam
732 2813 895 2879 ecelesiam,
913 2827 1045 2883 sacroque
1064 2810 1151 2865 officio
1174 2810 1263 2875 finito,

167 2888 345 2937 convivantur
362 2882 468 2937 ibidem
487 2885 649 2953 Imperatori
667 2886 768 2949 amici,
791 2900 861 2956 quos
881 2901 963 2955 saepe
981 2884 1036 2935 iam
1053 2882 1262 2943 nominavimus,

167 2953 200 3006 de
219 2958 305 3009 mixto
324 2972 410 3025 quum
428 2971 648 3009 memoraremus.
672 2956 828 3009 ltevcrtitur
846 2955 976 3024 deinceps
994 2952 1189 3027 imperatorin
1209 2967 1263 3021 pa-

166 3025 264 3077 latium
283 3024 431 3095 splendida
451 3044 514 3078 curn
534 3043 652 3097 pompa,
680 3028 791 3097 ipsique
811 3035 1004 3096 proponuntur
1023 3027 1108 3094 dapes
1127 3023 1157 3074 in
1175 3039 1261 3092 pecu-

166 3094 233 3149 liare
252 3112 346 3149 mensa
366 3097 482 3150 triclinii
500 3098 669 3161 Iustiniani,
689 3113 744 3167 quo
764 3097 911 3150 invitamus
929 3096 1089 3166 magistros,
1108 3110 1261 3163 proconsu-

166 3166 223 3229 les,
244 3168 392 3237 patricios,
419 3168 562 3233 officiales,
586 3166 823 3238 protospatharios
841 3177 870 3220 et
886 3170 1007 3240 reliquos
1027 3172 1167 3219 senatores
1186 3182 1260 3216 cam·

165 3238 243 3320 pagis
264 3248 389 3305 gerentes
409 3256 460 3307 pro,
479 3241 631 3308 capacitate
658 3255 778 3292 mensae.
814 3239 1032 3291 introducuntur
1056 3246 1085 3291 et
1103 3236 1260 3287 valueruntne

166 3324 193 3359 in
212 3309 268 3359 ruis
286 3310 441 3361 mutatoriis
461 3306 566 3379 absque
588 3310 700 3374 tunicis,
721 3311 785 3380 quia
807 3312 890 3363 etiam
909 3312 968 3378 ipse
988 3312 1141 3377 Imperator
1159 3308 1188 3357 in
1208 3322 1257 3359 suo
1352 3313 1355 3320 ’

167 3378 299 3433 dibetesio
322 3380 469 3448 praesidat.
511 3379 642 3433 Eiusdem
667 3380 769 3431 mensis
792 3376 839 3431 dic
864 3380 970 3431 decimo
996 3380 1096 3451 quinto
1119 3377 1260 3447 peragitur

166 3449 275 3519 publica
294 3453 432 3520 processio
451 3446 624 3504 dormitionis
643 3450 831 3504 sanctissimae
850 3450 979 3503 dominae
998 3451 1135 3522 Dciparae
1159 3451 1189 3499 in
1211 3464 1260 3500 ve-

165 3518 286 3573 nerabile
305 3522 439 3589 templum
459 3522 528 3585 eius,
547 3523 623 3591 quod
638 3530 680 3573 est
697 3523 727 3573 in
745 3520 913 3585 blachernis,
931 3538 1064 3595 sacroque
1083 3528 1194 3591 peracto
1214 3516 1258 3568 oi·

166 3592 240 3655 ficio,
259 3592 426 3661 proponitur
444 3592 592 3659 prandium
611 3608 694 3663 cuper
712 3609 806 3645 mensa
825 3593 966 3663 peculiare
992 3594 1023 3644 in
1047 3593 1179 3645 inforiore
1205 3590 1257 3640 tri-

166 3662 260 3725 clinio,
279 3662 355 3733 quod
372 3679 464 3716 versus
482 3666 586 3732 palatia
605 3664 743 3719 maritima
762 3671 885 3734 spectat,
912 3664 1108 3735 praesidotque
1132 3662 1256 3729 impera-

165 3739 204 3783 tor
221 3750 281 3787 cum
299 3733 455 3804 patriarcha
474 3734 504 3784 in
524 3751 574 3785 suo
594 3734 740 3788 dibetesio.
764 3736 884 3789 invitare
902 3733 938 3786 ad
954 3736 1029 3788 illim
1044 3732 1162 3785 convivii
1180 3745 1256 3781 com-

166 3802 319 3857 munionem
337 3821 388 3857 uos
407 3811 518 3875 oportet
536 3806 638 3856 amicos
664 3806 699 3857 de
727 3804 824 3857 ordine
849 3807 1056 3878 magistrorum,
1100 3803 1254 3870 raeposito-

166 3890 237 3937 rum,
261 3876 472 3944 proconsulum,
502 3877 702 3947 patriciorum,
733 3876 914 3937 officialium,
950 3822 1191 3945 metropoiitarum
1226 3878 1257 3924 et

166 3944 330 4019 reliquorum
349 3948 573 4019 magistratuum,
594 3954 648 4001 tarn
686 3946 870 4011 alatinorum‚
899 3964 981 4018 quarn
996 3946 1179 4005 lnilitarium,
1202 3959 1254 4020 pro

166 4018 265 4073 rttiout
283 4018 489 4099 capacitateqae
508 4032 629 4085 mentae,
664 3964 882 4074 introducuntur
901 4028 930 4073 et
944 4018 1099 4079 educuntur
1117 4016 1170 4070 sic:
1195 4031 1254 4075 ma-
