3042 4825
291 303 346 366 nn
368 300 565 367 onumen.
589 295 727 364 eunte
749 295 921 370 nentur.
944 299 971 363 1.
984 300 1035 373 τε
1141 266 1226 356 363

132 474 230 537 μενος
254 450 317 519 ini
346 456 404 519 τοῦ
423 454 648 536 κουβουκλείου
675 450 732 517 καί
750 455 869 518 λοιπῶν
889 455 952 518 τάν
978 452 1012 528 ἐξ
1033 446 1130 529 ἔθους
1150 448 1228 535 ὄψι·

132 551 290 617 νευόντων
312 550 430 635 αδτὸν,
451 551 578 639 ἔρχεται
599 555 696 639 ἐντῷ
717 551 928 640 θεοφυλάκτιρ
950 550 1049 615 αδτοῦ
1069 554 1227 639 παλατίφ.
1272 597 1275 604 ‚

133 651 227 737 (A.)
257 648 332 737 Χρὴ
354 653 390 715 δέ
412 650 469 717 τὸν
489 649 695 737 πραιπάοιτον
722 648 937 735 παραγγελάκν
965 648 1021 714 καί
1046 643 1227 736 ἀσφάλειαν

130 751 266 833 ποιῆσαι
286 747 367 835 πρὸς
395 750 516 827 πάντας
534 748 609 826 τούς
629 747 688 826 τάς
714 749 865 835 συνήθεις
891 751 926 814 ἐν
953 750 999 836 τῷ
1030 744 1239 834 ἱπποδρομίιρ

109 849 340 928 5ἐκτελοῦντας
361 852 522 932 δουλείας,
551 850 628 925 τοὺς
648 852 708 931 μὲν
728 849 966 933 μαγγαναρίους
994 845 1040 932 μὴ
1070 847 1229 929 τολμῆσαι

131 947 169 1023 ἐξ
190 942 340 1033 ἑκατέρου
359 952 478 1033 μέρους
500 951 590 1033 δαῖρα
611 954 719 1031 λαβεῖν
739 946 796 1013 καί
814 950 946 1033 ποιῆσαι
966 946 1073 1028 δόλον,
1093 940 1168 1022 τους
1189 944 1227 1010 δέ

132 1042 321 1133 κοάρσωρας
346 1046 422 1124 τοδς
450 1051 624 1131 μέλλοντας
651 1042 780 1114 ἑστάναι
801 1047 857 1113 καί
875 1050 1032 1134 κρατῆσαι
1051 1040 1125 1119 τούς
1144 1068 1229 1126 συμ-

130 1145 287 1230 ττερέστας
315 1144 396 1232 πρὸς
422 1144 457 1212 τά
489 1150 634 1230 κατέχειν
665 1145 782 1226 adroic
810 1149 845 1213 ἐν
866 1144 1044 1234 οἶσφαλείρι,
1077 1139 1161 1219 ὅπως
1181 1139 1257 1229 peric
1336 1189 1342 1220 ,

130 1242 264 1328 γίνομαί
277 1270 310 1311 τι
328 1248 463 1333 σφάλμα
484 1251 526 1313 δι’
547 1250 663 1312 αδτῶν·
682 1247 800 1329 ὁμοίοις
820 1250 876 1312 καί
895 1243 971 1321 rode
991 1243 1120 1321 λοιπούς
1135 1242 1231 1329 κούρ-

91 1362 243 1426 τοσυιρας
261 1342 336 1420 τοάς
355 1343 408 1411 τὸν
434 1338 565 1433 εὔριπον
601 1349 789 1429 κατέχοντας
818 1343 898 1431 πρὸς
917 1342 952 1411 τὸ
973 1343 1018 1430 μὴ
1041 1340 1140 1410 ἐᾶσαί
1155 1336 1231 1408 τινα

128 1446 296 1507 κατελθεῖν
313 1442 368 1507 καί
386 1447 523 1531 ποιῆσαι,
538 1436 677 1511 άτακτάν
695 1469 744 1512 τι·
764 1440 928 1533 [άσαάτοις
952 1445 987 1508 δὲ
1007 1444 1064 1506 καί
1081 1439 1156 1519 τοάς
1176 1442 1230 1507 δε-

127 1537 247 1614 κανούς
275 1543 333 1604 τοῦ
360 1539 447 1625 ἔχειν
479 1548 587 1611 πάσαν
621 1539 803 1633 άοφάλειαν
835 1543 882 1622 εἴς
910 1567 945 1609 τε
965 1542 1024 1620 τάς
1044 1538 1230 1629 διασφαγάς

127 1637 187 1703 καί
205 1633 262 1715 τάς
281 1636 387 1726 θύρας
407 1639 464 1717 τάς
484 1641 656 1728 ἐξαγούσας
672 1642 737 1710 άπὸ
755 1647 814 1729 τῆς
832 1639 1054 1729 κάφης,·άπως
1074 1639 1131 1725 μή,
1154 1629 1237 1724 or'yo·³

126 1736 228 1818 μένου
248 1742 306 1803 τοῦ
325 1739 526 1827 πράγματος,
562 1741 701 1822 ἐξελθών
733 1765 783 1822 τις
811 1741 1043 1826 παρεμποδίοει
1071 1737 1142 1807 τινά
1162 1742 1228 1805 τυῖν

91 1838 299 1922 ιδδρομέοιν·
338 1837 411 1916 τούς
442 1843 477 1905 δὲ
504 1841 544 1907 τά
577 1833 699 1929 ὄργανα
727 1845 898 1930 φυσῶντος
918 1840 1081 1924 Σκλάβους
1106 1836 1150 1925 μὴ
1173 1840 1228 1927 ἐᾷν

127 1936 284 2000 ἵστασθαι
304 1938 420 2022 ἐκεῖσε,
455 1934 527 2006 ἀλλ’
548 1942 677 2027 άνάγειν
698 1940 818 2021 αὖτοδς
837 1945 882 2018 είς
900 1938 941 2009 τά
960 1943 1092 2022 σκαλία,
1125 1939 1171 2013 εἰς
1191 1941 1229 2005 δέ

127 2029 190 2107 τάς
209 2034 424 2120 παρασκευάς,
446 2041 499 2103 ἵνα
518 2043 666 2106 ἵστανται
686 2040 867 2127 κοάρσιορες
888 2040 956 2123 δύο,
977 2034 1062 2116 ὅπως
1076 2036 1121 2124 μὴ
1143 2040 1229 2115 ἐξελ-

126 2128 199 2197 θών
218 2158 268 2209 τις
288 2131 403 2224 ποιήσῃ
423 2132 573 2218 ἐμπόδιόν
592 2163 631 2202 τι·
671 2136 747 2212 τούς
778 2141 814 2205 δὲ
836 2137 973 2225 δημότας
993 2136 1049 2203 κατ’
1066 2135 1141 2214 τοάς
1160 2142 1255 2220 pio-D

128 2231 303 2311 στάζοντος
323 2231 365 2299 τά
384 2234 498 2317 ἱμάτια
519 2238 582 2303 τῶν
606 2238 772 2324 δρομέων,
803 2237 849 2322 μὴ
881 2240 938 2327 ε’ρῖν
966 2236 1086 2314 αδτοδς
1113 2237 1228 2323 κατάρ-

87 2339 251 2419 υοχεσθαι
271 2336 317 2412 εἷς
336 2330 395 2411 τάς
414 2338 636 2423 παρασκευάς,
674 2334 756 2402 άλλά
778 2340 885 2421 μένειν
904 2331 1024 2415 αὖτοδς
1044 2330 1120 2404 άνοο·
1162 2339 1228 2403 τῶν

126 2434 293 2520 τεσσάρων
317 2435 593 2519 ταγμάτοινιτοδς
622 2431 783 2523 ἄρχοντας
806 2436 883 2515 τους
911 2442 1162 2526 κατερχομένους
1181 2438 1228 2516 εἷς

127 2529 190 2608 τάς
211 2531 393 2617 διασφαγάς
413 2537 469 2600 τοῦ
489 2536 625 2623 ευ’ρίπου
655 2535 734 2621 πρὸς
771 2534 805 2602 τὸ
825 2535 872 2622 μὴ
893 2541 1024 2623 ποιῆσαι
1042 2529 1176 2602 άτακτάν
1194 2560 1228 2603 τι

128 2633 177 2706 εἷς
195 2628 268 2707 τούς
289 2633 415 2717 δρομεῖς
434 2636 526 2700 ἓνεκα
550 2639 781 2721 προσπαθείας,
803 2633 885 2701 α’λλά
905 2641 1026 2718 μᾶλλον
1043 2631 1126 2718 μετά
1148 2639 1227 2699 πολ-

128 2733 191 2795 λοῦ
211 2728 316 2818 φόβου
346 2732 499 2799 ἵστασθαι
525 2737 583 2800 καί
600 2740 735 2803 ἐκτελεῖν
765 2734 807 2802 τά
828 2736 939 2812 αὐτοῖς
959 2736 1226 2820 προστεταγμένα.

202 2883 241 2920 ιο.
261 2864 408 2940 εδριππον
424 2868 483 2921 cod
508 2877 537 2924 et
554 2872 596 2926 ed.
615 2871 747 2946 idemque
765 2890 791 2930 ν.
810 2892 852 2928 22.
924 2891 968 2930 no.
988 2870 1047 2927 ἅνω
1065 2873 1124 2926 τῶν
1141 2869 1185 2923 ed.

128 2985 253 3055 dephner
270 3003 447 3060 progressus,
466 3004 561 3059 regum
578 3006 660 3043 enum
679 2988 789 3054 induit,
807 3003 879 3058 eque
907 2984 1086 3039 cubiculariir
1114 2991 1143 3038 et
1158 2984 1225 3036 reli-

128 3073 187 3139 quo
205 3059 314 3110 roteuni
332 3060 469 3131 obsequio
488 3062 609 3124 cinctur,
626 3060 761 3130 palatium
780 3076 860 3111 uuum
881 3060 969 3111 nDoo
987 3055 1157 3108 custoditum
1174 3072 1226 3125 pe-

128 3134 174 3179 tu„
208 3128 280 3197 (IV.)
305 3130 494 3200 Praepositum
518 3130 648 3182 mandate
667 3131 747 3195 dare,
771 3146 922 3199 omnesque
945 3135 1076 3181 consueta
1095 3128 1224 3179 ministe-

128 3197 171 3248 ria
188 3199 220 3248 in
240 3197 402 3253 decursione
432 3202 553 3274 equestri
581 3208 739 3270 peracturos
765 3216 939 3252 commouere
967 3206 1092 3269 oportet:
1110 3214 1225 3268 manga-

126 3268 221 3319 nerior
263 3269 371 3336 uidem,
394 3288 431 3323 ne
455 3271 491 3321 ab
515 3273 602 3324 altera
626 3282 706 3342 purte
725 3271 799 3322 donn
816 3286 925 3326 tumere
944 3269 1079 3342 dolorque
1097 3268 1226 3320 commit-
1266 3286 1294 3332 ι,

126 3345 186 3390 tere
207 3286 345 3395 audeant:
365 3358 505 3407 cursores,
523 3343 573 3415 qui
591 3350 663 3394 utere
690 3351 720 3394 et
747 3350 929 3412 eymperestne
948 3350 1044 3393 tenere
1063 3338 1175 3403 dehent,
1192 3343 1226 3390 ut

125 3406 177 3459 hos
195 3407 226 3460 in
245 3409 342 3463 ordine
361 3414 538 3478 contineant,
559 3429 594 3464 ne
612 3431 662 3484 per
680 3430 727 3465 eor
746 3429 823 3465 error
835 3413 1036 3476 committotnr3
1053 3410 1158 3481 puriter
1177 3424 1225 3460 ee·

125 3485 200 3532 tcroe
226 3497 351 3533 cursores
379 3484 513 3553 Euripum
538 3491 719 3553 occupantes,
742 3495 779 3537 ne
801 3484 846 3536 cui
873 3482 1038 3535 descendere
1063 3489 1091 3534 et
1115 3477 1227 3552 aliquid

126 3557 223 3602 oontm
241 3550 366 3604 ordinem
387 3570 467 3623 agere
485 3557 664 3625 permittunt3
682 3555 813 3609 similiter
830 3553 947 3606 decenos
962 3561 1089 3617 moneat,
1107 3551 1226 3603 utomni

128 3622 306 3674 curatimus
342 3623 497 3696 ianuarque
526 3643 542 3677 n
566 3625 653 3696 cyphe
682 3625 831 3678 edocenter
864 3625 1040 3688 custodiant,
1073 3639 1123 3687 ne,
1157 3620 1224 3674 dum

123 3693 319 3760 ‘spectaculum
339 3693 448 3760 editur,
467 3696 626 3766 egredietur
642 3697 760 3768 aliquis,
782 3704 811 3749 et
831 3713 955 3750 cursores
972 3698 1007 3747 im
1030 3693 1122 3747 ediet:
1148 3694 1225 3750 Scla-

126 3777 175 3813 vor
193 3780 344 3834 quoqueo
376 3783 429 3816 nnn
446 3768 591 3820 inflaturos
620 3766 662 3820 ibi
692 3777 764 3820 stare
782 3783 840 3820 non
857 3769 948 3834 rime,
966 3783 996 3818 ee
1029 3767 1059 3818 in
1077 3767 1162 3818 scalae
1193 3779 1227 3816 eo

127 3831 269 3897 tabulate,
288 3833 338 3885 ubi
378 3853 414 3888 uo
433 3853 555 3890 currorer
575 3847 685 3908 praesto
703 3847 783 3901 runt,
799 3836 931 3903 deducat,
955 3854 991 3890 ne
1018 3839 1081 3908 quie
1100 3851 1225 3907 egressus

127 3902 358 3972 impedimentum
379 3909 468 3960 ullum
486 3909 609 3974 iniiciet3
632 3909 819 3970 faeneratio,
839 3917 867 3960 ct
893 3910 941 3980 qui
965 3916 1054 3960 vertor
1082 3922 1225 3961 curtorum

125 3980 256 4055 portant,
276 3974 313 4027 cd
331 3976 456 4030 tabulata
475 3981 622 4033 accendere
646 3998 703 4033 non
728 3981 885 4050 permittet,
903 3980 954 4032 red
978 3995 1060 4048 cupre
1079 3987 1151 4030 utere
1177 3992 1224 4028 eos

127 4042 238 4108 tubeat3
258 4053 379 4117 quotuor
388 4049 533 4103 ordinibus
545 4052 702 4120 praesectis,
720 4052 770 4123 qui
779 4050 814 4101 ad
827 4051 914 4102 lineus
932 4050 1030 4119 Euripi
1045 4049 1224 4112 descendunt,

126 4129 162 4166 nc
181 4115 252 4186 quid
270 4117 306 4167 ub
326 4120 424 4172 ordine
443 4123 567 4174 alienum
585 4123 615 4174 in
633 4138 757 4175 crrrroree
777 4124 950 4174 committunt
983 4120 1099 4173 effectur
1126 4136 1223 4184 ουιιευ,

127 4184 177 4238 red
194 4186 289 4258 potior
308 4204 413 4245 numme
430 4209 494 4252 eum
508 4194 674 4248 verecundie
691 4193 816 4257 edstcm,
834 4209 906 4265 quae
923 4191 991 4264 iprie
1005 4190 1134 4246 mandute
1150 4198 1223 4254 runt,
