3042 4825
553 193 874 263 assumtionis
940 228 944 240 ·
1153 202 1243 264 xxti

128 351 295 435 stantini,
325 355 412 417 cuius
428 355 462 415 ln
485 352 575 416 titulo
598 354 800 439 perhibetur,
820 364 852 415 at
879 362 1037 435 expertum
1055 352 1257 437 bites-palato·
1344 347 1347 353 ‘

127 474 219 534 παυς
247 456 332 517 sive
351 474 447 538 nepos
468 455 533 519 eius
548 454 767 517 Constantinus
794 452 849 515 illc
862 452 967 531 fauerit,
991 455 1057 515 slve
1078 452 1157 515 alius
1174 458 1257 537 quis·

125 574 277 638 eamque.
307 555 420 639 Specie
441 567 551 618 neutra
571 567 656 619 caret
670 555 841 632 sententia3
862 552 940 624 mibi
952 563 1057 617 tamen
1073 558 1186 615 rectius
1213 558 1257 616 vi·

123 654 203 718 deor
220 656 353 735 facere,
374 660 401 719 si
416 659 578 741 posteriori
595 656 747 719 casuum
761 676 865 717 meum
873 654 998 733 addam,
1012 657 1138 737 quamsi
1144 657 1253 738 priori.
1345 653 1351 670 ”

213 758 281 819 leti
292 758 424 841 <faudem
439 762 620 838 sententiae,
638 777 719 840 quae
737 759 890 846 iuniorem
902 756 1151 836 Constantinum,
1176 757 1265 816 Basi.

122 857 157 917 lii
186 856 427 941 Bulgmnctoni
453 859 592 938 fratrem,
616 859 702 941 operi
726 858 798 919 huic
833 857 993 935 inscribit,
1023 866 1054 916 et
1085 854 1253 918 secundum

121 976 226 1041 quam
246 958 386 1021 deberet
399 960 454 1021 illo
469 970 626 1021 exaratum
648 959 740 1021 fiiisse
755 960 902 1037 triennio,
924 978 986 1040 quo
1005 953 1088 1017 solus
1106 954 1158 1016 ille
1177 956 1254 1017 Con-

122 1060 299 1121 stantinus
314 1072 386 1143 post
407 1060 509 1123 fratris
525 1060 588 1121 lata
602 1061 752 1142 regnavit,
775 1057 808 1120 id
831 1057 926 1120 estab
944 1057 987 1118 A.
1003 1053 1136 1117 C.1oa5
1152 1075 1255 1137 usquc

121 1158 310 1239 ad1028,
342 1160 425 1222 lavet
454 1160 515 1223 boe
540 1160 683 1238 maxime,
704 1158 789 1243 quod
811 1161 914 1220 iunior
942 1156 1159 1218 Constantinus
1179 1145 1254 1217 cum

123 1278 186 1319 avo
202 1280 282 1321 non
310 1258 351 1321 do
368 1260 462 1323 solius
479 1261 571 1323 huius
589 1262 703 1343 operis,
726 1259 780 1321 sed
796 1258 928 1321 aliorum
940 1278 1064 1341 quoque
1084 1258 1251 1339 possessio-

121 1376 163 1417 ne
182 1359 384 1421 contendat.
426 1360 498 1423 Non
523 1361 633 1423 desunt
650 1360 819 1423 eorundem
834 1359 986 1421 librorum
1001 1356 1150 1441 exemplo,
1172 1378 1256 1439 quos

124 1457 179 1518 alii
203 1458 341 1521 librarii
355 1480 427 1537 avo,
449 1461 501 1523 alii
526 1463 631 1544 nepoti
648 1461 803 1537 tribuunt,
824 1460 940 1521 etiamsi
956 1479 1052 1541 nepos
1070 1458 1110 1522 ab
1128 1458 1251 1540 ignavia

123 1568 155 1616 ct
176 1557 345 1621 dissoluta
365 1563 428 1621 vita
445 1563 478 1623 in
498 1561 626 1623 historia
643 1562 812 1645 Byzantina
837 1556 918 1621 male
943 1557 1056 1618 audiat.
1098 1557 1146 1619 lta
1160 1556 1249 1617 libel-

124 1654 174 1717 lus
196 1656 241 1720 de
269 1662 410 1743 imagine
426 1661 593 1743 Edessena,
617 1683 710 1746 quem
729 1662 926 1722 Conuensrus
946 1661 981 1721 in
996 1658 1169 1740 Manipulo
1185 1679 1249 1719 aa·

124 1759 334 1840 tiquitatum
358 1760 566 1823 CPtanarum
581 1782 660 1847 pag.
682 1761 722 1845 75
736 1780 807 1846 sqq.
822 1760 882 1822 sub
896 1761 1022 1822 nomino
1034 1758 1181 1835 Senioris,
1196 1769 1249 1819 aut

126 1856 308 1940 Sapientis,
332 1862 523 1923 Constantini
541 1862 660 1941 edidit,
682 1882 746 1923 non
760 1871 882 1923 tantum
896 1860 1082 1943 Lipomanni
1101 1859 1249 1919 coniectu·

127 1975 162 2017 m
180 1960 312 2021 iuniori
331 1962 449 2041 tribuit,
466 1962 520 2025 sed
542 1964 636 2023 etiam
660 1962 754 2023 codex
778 1961 890 2044 aliquis
911 1960 1115 2021 bibliothecae
1136 1960 1249 2040 Regiae

128 2055 341 2122 taurinensis
355 2108 365 2141 ,
380 2072 461 2137 ¹nto
492 2083 593 2145 nuper
616 2062 700 2123 edito
723 2060 883 2145 Catalogo
900 2058 1047 2122 codicum
1074 2073 1248 2121 messorum

128 2158 276 2221 eiusdem
291 2160 496 2223 bibliothecae
504 2182 585 2247 pag.
604 2160 665 2223 505
694 2182 718 2223 a
739 2161 845 2223 didici.
872 2158 1018 2223 Similiter
1029 2162 1245 2235 Tuscorum,

129 2259 311 2322 ableuasao
325 2262 358 2321 in
370 2260 564 2323 Collectiouc
580 2260 807 2346 opusculorum
822 2260 1178 2335 constantissimarum,
1187 2260 1246 2319 sub

130 2354 181 2417 'ari
201 2360 338 2421 nominc
367 2358 579 2443 proditorum,
600 2360 750 2424 vindicias
771 2361 942 2443 disceptant
973 2380 1050 2422 avus
1083 2370 1115 2421 et
1134 2380 1243 2442 nepos.

132 2455 237 2520 Codex
244 2461 509 2542 vindobonensis,
528 2473 559 2522 et
573 2483 609 2523 ex
624 2483 661 2522 eo
676 2462 845 2544 descriptas
861 2459 1030 2538 Palatinus,
1055 2481 1148 2544 quem
1161 2463 1243 2544 typis

129 2575 281 2622 excusum
306 2561 440 2624 reddidit
453 2563 627 2638 Μωηὶιιε,
661 2561 803 2623 tribuunt
822 2582 895 2641 υνυς
935 2561 1122 2622 Veronensis
1141 2574 1242 2623 autem

133 2667 163 2716 tt
184 2659 389 2744 Augustanus
408 2663 525 2744 nepoti.
568 2661 678 2723 Neutri
699 2673 794 2723 recte.
838 2661 947 2744 Neque
964 2660 1048 2720 enim
1067 2660 1172 2742 huius,
1192 2683 1242 2723 ae

132 2777 192 2838 que
212 2759 301 2822 illius
321 2771 387 2839 est,
410 2761 464 2822 sed
480 2764 545 2822 eius
565 2773 612 2823 est
635 2763 827 2824 Constantini
849 2759 1158 2844 Porphymgenneti,
1187 2765 1241 2845 qui

135 2853 189 2916 luit
209 2859 296 2922 filins
315 2859 419 2946 Basplii
440 2861 631 2937 Macedonis,
655 2845 751 2923 frater
764 2863 876 2923 Leonis
899 2861 1050 2944 Sapientis
1072 2874 1147 2922 natu
1173 2885 1240 2924 ma·
1262 2860 1265 2865 ’

132 2957 192 3035 ior,
216 2960 358 3042 adeoque
378 2971 507 3042 patruus
528 2963 593 3022 eius
614 2961 831 3038 Constantini,
865 2963 915 3023 cui
938 2963 1064 3024 Tactica
1095 2961 1148 3023 illa
1171 2976 1242 3046 post

134 3055 308 3121 Meursium
330 3059 424 3143 subo
444 3061 647 3142 imputantur.
691 3059 783 3122 Claro
802 3062 834 3121 id
853 3061 964 3144 liquet,
987 3063 1013 3122 si
1033 3064 1102 3145 quis
1121 3063 1240 3140 locum,

135 3161 187 3236 qui
210 3181 287 3242 pag.
309 3181 347 3244 27
365 3160 438 3221 edit.
464 3162 583 3221 linars.
605 3160 663 3220 lin.
685 3167 725 3224 ao
749 3171 890 3244 prostat,
912 3181 983 3224 cum
1002 3165 1118 3244 pagina
1142 3165 1240 3224 nostri

137 3253 228 3322 huius
249 3263 352 3342 operis
372 3257 431 3344 287
455 3271 620 3342 comparet.
647 3262 806 3343 Leguntur
827 3283 876 3339 eo,
896 3283 960 3344 quo
983 3261 1056 3340 dixi,
1078 3250 1147 3325 loco
1162 3265 1238 3326 haec

134 3358 240 3422 verba:
263 3359 358 3420 τοῦτο
382 3355 444 3444 γὰρ
465 3355 521 3422 καὶ
538 3356 688 3442 ἡμέτερος
707 3355 812 3444 πατὴρ
829 3356 887 3422 καὶ
902 3358 1057 3441 (laudaut
1077 3362 1240 3446 ἐποίησεν,

137 3447 185 3518 ὅτε
204 3453 289 3522 κατὰ
312 3459 343 3522 Γ
340 3459 527 3541 apportasse
546 3494 562 3507 -
583 3457 858 3539 ἔταξειὸεύσαμεν.
900 3461 988 3524 Nam
1007 3476 1038 3525 et
1057 3462 1097 3524 id
1113 3483 1237 3547 quoquo

132 3555 211 3636 fecit
231 3575 332 3646 pater
354 3573 464 3622 noster
481 3559 627 3642 idemque
652 3562 849 3646 Imperator,
871 3548 965 3645 quum
981 3563 1139 3624 adversus
1154 3564 1237 3625 Ger-

138 3663 312 3723 nuciclam
328 3681 539 3723 moveremus.
572 3661 680 3744 Neque
699 3664 777 3740 Leo,
799 3683 900 3746 neque
915 3664 1149 3744 Constantinus,
1172 3667 1238 3726 eius

139 3755 232 3838 lilius,
254 3781 356 3844 neque
375 3763 551 3839 Romanus,
572 3783 672 3846 neque
693 3763 911 3825 Constantinus
933 3766 998 3824 eius
1018 3762 1117 3842 filius,
1147 3785 1236 3846 expess

140 3853 282 3922 ditionem
302 3862 450 3922 adversus
471 3861 697 3924 Germaniciam
717 3866 866 3942 inierunt,
886 3864 941 3924 ssd
957 3862 1087 3926 Basilius
1108 3865 1237 3926 Macedo

142 3954 205 4021 lesit
224 3962 267 4023 A.
291 3962 328 4025 G.
352 3959 424 4044 879.
469 3959 561 4023 Hunc
579 3975 708 4046 patrem
728 3983 820 4024 suum
853 3962 1007 4046 appellat,
1027 3965 1083 4047 qui
1103 3985 1139 4024 aa
1160 3964 1236 4025 scri·

140 4059 202 4134 psit,
248 4063 371 4136 Fuitis
395 4083 466 4144 ergo
495 4063 710 4125 Constantinus
730 4063 1062 4147 Porpbyrogennctus,
1089 4067 1147 4148 qui
1166 4073 1236 4126 aute
