3042 4825
497 690 514 727 ἱ

231 952 345 1091 Ι(μιαηι
370 984 560 1069 desinam,
595 1004 703 1088 quem
727 979 888 1088 denteque
915 982 1002 1057 Vos
1034 983 1187 1085 collegii
1216 990 1339 1062 uestri
1428 988 1431 995 '

234 1138 377 1211 honore
397 1134 555 1235 dignum
572 1156 654 1208 esse
676 1135 902 1211 censuistis?
926 1132 1007 1207 Iam
1023 1138 1188 1233 primum
1212 1151 1336 1209 autem

111 1320 113 1329 ⁴
234 1291 275 1360 ia
299 1284 425 1357 limine
452 1288 577 1382 operis
603 1280 706 1388 quod
730 1276 928 1358 Reishiani
952 1285 1209 1358 commentarii
1228 1298 1340 1382 parte

234 1429 379 1508 inedita
411 1428 626 1517 ornabitur,
657 1430 919 1531 praedicanda
952 1434 1048 1507 mihi
1080 1447 1138 1507 cst
1162 1438 1367 1508 memoria*

231 1581 264 1660 S
268 1604 433 1658 vestrl.
485 1582 564 1687 Qui
597 1609 711 1687 queen
749 1590 938 1685 sapienter
964 1585 1190 1685 intelligeret
1225 1593 1339 1681 quam

225 1734 415 1831 pretiosae
431 1747 554 1809 essent
575 1730 738 1809 schedae
760 1738 842 1808 uiri
858 1737 1013 1817 summi,
1038 1757 1147 1836 quem
1167 1731 1338 1833 plerique
1448 1725 1460 1739 ”

230 1884 312 1956 eius
336 1884 426 1955 aeui
455 1882 624 1959 homines
656 1880 801 1961 eruditi
835 1881 994 1983 superbe
1022 1899 1134 1985 atque
1169 1882 1338 1980 imperite
1378 1888 1386 1907 '

91 2048 94 2065 ·
210 2024 505 2128 despiciebant,
551 2054 652 2134 eas,¹
682 2031 857 2129 mumfiee
894 2056 921 2103 a
959 2027 1084 2104 vidua
1131 2025 1337 2110 redemtus,

231 2170 479 2253 bibliothecae
511 2135 1118 2274 emendaturumque
1142 2169 1338 2245 commodo
1433 2256 1441 2270 ⁸

228 2322 425 2403 seruauit:
449 2326 623 2397 seruauit
649 2320 755 2397 dico:
777 2327 912 2397 etenim
938 2325 978 2395 in
1002 2335 1108 2394 tanta
1130 2288 1229 2422 quae
1251 2318 1339 2397 sub·

229 2487 362 2556 secuta
401 2487 457 2570 est
495 2487 709 2572 tempestate
751 2488 864 2576 atque
904 2495 1028 2546 rerum
1066 2474 1336 2556 conversione,
1367 2575 1374 2585 ι
1412 2485 1417 2494 ’

229 2623 308 2696 nt'si
329 2623 395 2696 uir
410 2619 473 2695 iile
488 2623 624 2698 ceteris
640 2620 838 2700 dissimiles
845 2620 1008 2724 suisset,
1029 2617 1178 2697 labores
1189 2615 1339 2699 Reishii

229 2786 296 2866 aut
333 2758 564 2850 interiissent
593 2771 726 2872 plane,
759 2789 828 2848 aut
851 2771 1045 2874 fortasse,
1074 2771 1167 2856 oili,
1191 2773 1230 2846 si
1241 2769 1340 2868 fieri
1374 2825 1379 2837 .

224 2929 373 3017 posset,
396 2921 521 3014 pretio
545 2923 724 3020 coempti,
751 2917 924 2994 Dibdino
946 2917 1075 3020 aliquo
1098 2934 1256 3020 ugente,
1297 2922 1358 3027 inx
1402 2985 1405 2991 ,
1515 2976 1516 2985 i

228 3062 473 3166 Lutudarum
491 3063 735 3142 bibliothecas
756 3068 904 3144 detrusi
922 3084 1062 3152 essent,
1082 3065 1183 3143 unde
1195 3087 1336 3169 regant

227 3199 356 3296 ,redire
381 3218 581 3318 quiequam
605 3215 709 3320 quod
735 3208 851 3294 semel
872 3217 1056 3317 sepulcris
1077 3221 1162 3295 istis
1190 3220 1336 3296 illatum

228 3365 289 3438 sit.
339 3361 444 3438 Male
467 3367 519 3442 sit
549 3362 682 3450 uobis,
719 3365 840 3440 malae
858 3344 1038 3445 tenebrae
1064 3365 1185 3446 Orci!
1215 3369 1334 3446 Nunc

222 3526 347 3589 autem
367 3513 481 3611 plane
505 3517 699 3593 contraria
723 3519 870 3592 ratione
896 3520 1044 3623 menti,
1079 3534 1121 3592 ut
1148 3535 1238 3619 post
1262 3520 1331 3594 ali·

225 3677 317 3764 quot
340 3687 460 3741 amcos
484 3689 568 3742 cum
591 3668 747 3771 reliquis
772 3673 894 3772 copiis
917 3660 1134 3746 Sulunianis
1158 3671 1199 3742 in
1224 3666 1332 3744 bibli-

224 3812 395 3892 othecam
402 3810 564 3920 Regiam
580 3781 834 3898 Hauniensem
855 3825 1086 3924 migrarent,·
1113 3817 1330 3897 huiusmodi
1353 3920 1362 3940 .

226 3957 377 4039 divitiis
394 3973 527 4042 ornari
544 3967 822 4074 dignissimum
848 3979 985 4079 quippe
1009 3997 1106 4077 quae
1128 3969 1327 4070 splendore

226 4111 397 4194 codicmn
416 4127 638 4220 praesertim
662 4131 730 4266 qu}⁸
751 4125 805 4208 ad
829 4125 974 4206 litteras
1007 4143 1167 4224 graecas
1202 4121 1324 4193 orica-
