3042 4825
300 217 355 281 nn
383 213 582 282 cnuruou.
615 211 753 280 rursu
782 211 956 278 entur.
991 211 1032 274 u.
1054 210 1105 280 οι
1167 180 1252 294 749

150 369 207 455 τῆν
235 369 321 436 κατά
348 366 524 455 συνήθειαν
555 367 724 452 εόλογόαν.
765 367 853 432 εἰδὲ
879 367 915 431 όν
934 359 1067 451 τετάρτη
1087 354 1109 447 ῆ
1129 359 1254 450 πέμπτη

149 469 255 560 ῆμόρρ
282 471 340 556 τῆς
368 467 550 553 ἑβδομάδος
577 465 598 554 ἦ
621 469 769 553 Χριστοῦ
790 469 935 550 γέννησις
963 460 1171 548 καταντῆσει,
1200 459 1258 527 κατ’

151 567 216 633 clud
239 568 358 654 ταύτης
379 561 521 656 ἄρχηται
549 569 570 654 ἦ
592 570 702 653 κλῆσις
722 569 888 632 τελεῖσθαι
907 567 970 630 τοῖν
989 561 1185 644 άκουβάαν,
1207 563 1262 626 δεῖ

150 659 239 751 όμᾶς
259 670 293 734 ἐν
313 673 353 758 τῇ
372 672 512 759 κυριακῇ
532 671 590 755 τῆς
611 666 764 755 περιόδου
788 670 845 753 τῆς
865 666 966 751 αότῆς
988 659 1169 748 ἑβδομάδος
1192 658 1255 749 πρό

132 767 211 853 ὅτῆς
240 768 382 854 κλήσεως
409 773 467 835 rori
493 769 694 857 πατριάρχου
723 771 781 834 καὶ
807 770 873 834 τιόν
902 766 1035 851 άβάδαν
1057 767 1195 830 ἐκτελεῖν
1215 758 1267 827 τό

148 865 315 952 λεγόμενον
335 871 509 956 κλητάριον
530 871 587 935 τόν
607 863 807 955 πολότριχον,
829 866 887 933 καί
900 866 1096 953 εὐτρεπίζειν
1106 865 1157 956 ,εἷς
1175 885 1255 928 ουν-

149 965 296 1034 εστόασιν
318 971 433 1057 φιλους
453 969 508 1036 ἐπὶ
525 973 586 1052 μὲν
605 973 662 1054 τῆς
682 971 852 1054 βασιλικῆς
871 968 1030 1054 τραπέζης
1048 962 1400 1049 μαγιστρους,ΕδΙι.434

150 1066 357 1144 άνθυπάτους
385 1075 571 1155 πατρικίους
610 1066 809 1154 στρατηγοδς
847 1062 930 1131 durni
963 1063 1019 1130 xer*
1045 1060 1403 1148 Romanusne,

143 1167 266 1252 ‘pedone
287 1167 345 1232 δόο
364 1169 421 1233 καί
438 1167 514 1245 τοός
535 1164 594 1234 δόο
616 1167 803 1254 δημάρχους
824 1169 968 1232 Boudroe
995 1187 1030 1229 τε
1050 1160 1105 1228 καὶ
1122 1163 1256 1246 Πρασί-

112 1285 234 1330 ιονοιν·
274 1263 414 1350 εἰσάγειν
436 1271 473 1333 δὲ
496 1271 550 1334 καὶ
570 1265 693 1350 ἐξάγειν
715 1261 835 1342 edredi,-
852 1259 1130 1348 χλανιδοφόρους,
1166 1257 1254 1326 καθά

148 1363 207 1428 καί
225 1365 374 1451 άνατὲρα
398 1365 596 1451 δεδήλωται.
618 1369 654 1430 όν
676 1367 712 1431 δὲ
732 1374 801 1440 τοῖς
821 1360 979 1448 ἑκατέρων
997 1361 1104 1447 μερῶν
1124 1359 1255 1441 όκουβί-

147 1485 216 1538 τοις
237 1465 290 1527 δεῖ
304 1464 390 1545 ὑμᾶς
411 1472 519 1532 καλεῖν
538 1465 727 1548 βασιλικοδς
747 1458 940 1550 ἀνθρώπους
954 1457 1105 1534 ε’θνικοός
1122 1455 1255 1544 πάντας,

149 1555 217 1628 οἷον
238 1560 442 1647 Φαργόνους,
466 1561 661 1650 Χαζάρους,
682 1560 891 1654 Ἀγαρηνοός,
916 1557 1087 1644 Φράγγους
1106 1561 1162 1622 κατ’
1182 1550 1256 1623 ὅσοι

75 1679 77 1688 ·
147 1661 205 1744 τῆς
236 1663 405 1746 βασιλικῆς
424 1665 459 1742 ἐξ
483 1662 587 1728 odedu
609 1658 810 1727 α’πολαόουσι
832 1661 895 1725 τῶν
917 1655 1019 1744 ῥαγῶν
1037 1657 1253 1743 προμηθείας·

110 1756 287 1843 ιόεῑσάγειυ
304 1762 340 1824 δὲ
354 1759 476 1836 αότοός
489 1757 633 1836 ἅπαντας
652 1759 709 1826 καὶ
728 1759 853 1844 ἐξάγειν
872 1757 954 1842 μετά
974 1757 1011 1822 τό
1026 1755 1154 1823 ε’θνικόν
1171 1755 1255 1822 ἴδιον

147 1860 271 1943 σχῆμα,
293 1857 411 1926 elueret*
426 1859 461 1926 τό
479 1865 557 1946 παρ’
575 1861 681 1926 adrolo
700 1858 923 1942 ἐπιλεγόμενον
937 1855 1100 1940 καβάδιον.
1121 1859 1179 1922 καί
1192 1850 1255 1920 εἶθ)

149 1953 250 2032 strue
269 1983 306 2045 τη
332 1953 395 2022 άπὸ
416 1955 532 2042 ταότης
555 1960 698 2045 ελσιοόση
719 1961 776 2043 τῆς
792 1955 970 2042 ἑβδομάδος
991 1959 1128 2045 τετράδη
1151 1971 1278 2042 προσ-Β

148 2060 319 2120 καλεῖσθαι
332 2051 384 2120 τόν
397 2057 600 2144 πατριάρχην
614 2055 697 2136 μετά
716 2061 780 2122 τῶν
802 2058 901 2122 orituri
921 2057 1106 2142 ἡγουμένων
1120 2055 1182 2121 κατ’
1194 2079 1255 2137 μο-

148 2157 267 2236 valdo,
289 2152 334 2229 οός
353 2157 576 2241 προλὲλεκται.
600 2159 656 2222 ἐπὶ
676 2159 712 2220 δὲ
732 2158 790 2240 τῆς
808 2152 948 2241 ἑβδόμης
965 2154 1090 2244 ῆμόρας
1108 2160 1173 2223 τοῖν
1193 2157 1255 2220 nd-

108 2257 212 2324 ποτῶν
232 2247 410 2335 άκουβίταν
431 2257 485 2320 δεῖ
499 2255 587 2337 δμᾶς
607 2255 804 2340 εότρεπιζειν
826 2259 872 2330 εἰς
893 2259 1095 2322 συνεστιασιν
1123 2259 1179 2323 ἐπὶ
1196 2259 1254 2342 τῆς

146 2355 314 2439 βασιλικῆς
328 2357 487 2441 τραπέζης
502 2355 706 2431 όνθυπότους
722 2355 908 2443 πατρικίους
922 2353 1127 2441 στρατηγούς,
1150 2354 1253 2445 όφφι-

221 2507 261 2577 ιδ.
277 2507 307 2569 ἐξ
324 2506 420 2564 edente
440 2524 490 2563 em.
506 2510 551 2575 ll,
569 2507 686 2575 ἐξαυτῆς
702 2505 761 2561 cod.
780 2513 808 2560 et
820 2505 863 2560 ed.

148 2644 263 2715 singulis
283 2644 357 2697 hina.
394 2644 498 2698 Eodem
523 2662 636 2717 qnoque
659 2644 705 2697 die
731 2660 867 2715 pauperes
886 2642 1038 2697 comedunt
1059 2642 1090 2695 in
1107 2643 1250 2711 chrysohi·

149 2718 247 2778 sterio,
267 2717 433 2785 accipientes
451 2725 609 2769 consuetam
628 2715 859 2769 benedictionem.
903 2714 1011 2785 Quodsi
1034 2731 1098 2766 vero
1118 2714 1147 2767 in
1185 2733 1250 2767 unr-

148 2794 205 2839 tam
225 2792 274 2837 aut
291 2786 416 2857 quintam
436 2788 605 2855 septimanae
631 2786 726 2838 seriam
745 2784 852 2837 incidat
873 2786 974 2837 festum
992 2786 1146 2836 nativitatis
1166 2732 1248 2837 duri-

148 2857 196 2920 rti,
215 2865 244 2908 et
265 2872 299 2908 ex
316 2870 347 2909 ea
368 2857 486 2926 incipiat
503 2858 657 2908 convivium
676 2856 854 2908 accubituum
874 2854 978 2908 dietum
997 2856 1146 2917 celebrari,
1164 2872 1248 2923 opor·

148 2934 255 2980 tetros
274 2943 306 2978 ee
326 2926 473 2989 dominica,
492 2944 561 2999 quac
580 2929 610 2979 in
629 2926 765 2978 ambitum
783 2926 907 2978 eiusdem
925 2925 1047 2994 septidni
1066 2925 1151 2989 cadit,
1169 2935 1248 2978 ante·

150 3014 233 3067 quam
252 2996 407 3067 patriarcha
428 3007 456 3049 ct
472 2997 600 3063 monachi
617 3005 767 3059 vocentur,
794 2996 834 3048 sie
851 2996 956 3048 dictum
974 2996 1159 3065 polytriehum
1187 2996 1247 3079 [sen

149 3068 353 3130 muniminum,
372 3067 518 3130 crinitum,
539 3066 723 3189 comatumre‘l
743 3068 898 3119 convivium
920 3066 1079 3129 celebrare,
1099 3076 1128 3119 et
1144 3081 1248 3119 amicos

150 3136 186 3188 ed
205 3138 405 3189 convivandum
422 3146 532 3207 paratos
551 3138 669 3200 hebere,
689 3155 703 3187 a
742 3154 846 3190 sacram
864 3137 977 3207 quidem
996 3153 1117 3188 mensam
1135 3138 1249 3191 accubi-

149 3215 226 3260 turor
246 3208 408 3277 magistros,
426 3210 604 3276 proconsules
621 3208 752 3278 patricios
771 3216 902 3278 strategos
921 3216 998 3269 octo,
1026 3208 1155 3279 Belgaros
1173 3210 1249 3260 ami-

149 3291 196 3331 cos
217 3276 272 3331 dno
291 3286 320 3329 et
339 3278 421 3330 ambo
440 3279 616 3345 demarchos,
640 3278 741 3331 Veneti
760 3296 860 3347 nempe
884 3287 913 3331 et
930 3278 1050 3343 Prasini;
1077 3289 1107 3332 et
1124 3279 1174 3333 hos
1200 3281 1247 3331 in·

146 3349 292 3403 troducere
311 3358 395 3419 atquc
423 3350 539 3402 educere
563 3351 593 3401 in
612 3350 731 3412 tunicis,
762 3358 795 3401 nt
819 3350 849 3401 in
877 3350 1068 3417 superioribus
1091 3352 1247 3419 expositum

146 3419 210 3471 fnit.
247 3419 289 3471 td
313 3418 434 3489 reliquos
460 3428 552 3473 antem
570 3420 713 3473 accubitus
742 3435 854 3473 eromre
879 3428 908 3471 et
925 3428 1048 3472 sternere
1066 3430 1177 3493 oportet
1194 3421 1247 3474 ho·

146 3490 257 3551 mines,
285 3489 440 3559 imperiales
459 3498 567 3543 tantum
589 3490 748 3561 peregrinos
768 3488 808 3560 [ct
823 3506 928 3543 comam
946 3490 1074 3564 alentes]‚
1094 3502 1126 3545 nt
1142 3494 1248 3563 Perga-

148 3578 209 3623 mos,
229 3560 373 3625 chazaros,
396 3564 551 3631 Agerenos,
568 3562 704 3624 Francos,
724 3570 865 3633 quotquot
881 3578 975 3613 eorum
994 3562 1124 3615 eximiam
1144 3566 1248 3632 regium

147 3624 351 3701 providentiam
371 3639 400 3683 et
417 3634 548 3701 pietatem
575 3650 700 3703 rogerum
719 3634 898 3702 perceptione
916 3635 1105 3701 experiuntur.
1142 3634 1247 3687 Horum

149 3704 274 3753 omnium
287 3718 523 3774 ¹unumquemque
548 3712 657 3773 gentem
682 3704 857 3756 introducere
878 3710 988 3772 oportet
1014 3711 1042 3755 el
1066 3722 1158 3758 rursur
1177 3705 1248 3757 edu·-

150 3786 212 3824 cere
239 3774 269 3825 in
292 3790 500 3845 nunquamque
523 3774 621 3844 gentili
641 3772 756 3838 habitu,
791 3782 825 3827 ut
841 3790 865 3825 e.
885 3789 907 3824 c.
926 3775 956 3825 in
976 3775 1016 3827 sie
1036 3775 1111 3829 dieto
1130 3774 1247 3827 eahadio

152 3839 301 3914 {Ferganos
323 3852 352 3896 et
376 3842 534 3917 Agerenorl.
570 3842 694 3897 Proximo
718 3852 783 3914 port
807 3845 878 3897 lanne
896 3843 1062 3897 dominicam
1089 3855 1187 3913 quarta
1206 3846 1249 3898 se·

148 3912 191 3965 rie
217 3914 334 3965 inritare
359 3914 469 3967 demum
487 3921 599 3986 oportet
621 3915 806 3983 patriarcham
834 3932 896 3968 cum
921 3914 1009 3986 ipsius
1034 3916 1195 3987 hegumenis
1219 3923 1249 3969 et

148 3982 291 4035 monachis
309 3996 361 4049 eo,
388 4002 471 4057 quem
489 3984 693 4056 praediximus,
710 3984 817 4039 ordine.
854 3986 890 4038 Se
909 3988 979 4038 timo
997 3986 1148 4040 eorundem
1166 4002 1249 4039 acen-

148 4052 260 4105 bituunr
280 4053 326 4107 die
344 4064 456 4125 oportet
471 4074 536 4122 ros,
563 4058 662 4117 amici,
689 4072 847 4126 comparare
864 4002 908 4109 ad
918 4057 1102 4127 epulandum,
1124 4058 1154 4109 in
1172 4073 1248 4110 sucre

150 4123 264 4197 quidem
281 4140 376 4181 mense
394 4126 541 4183 duodecim
562 4130 664 4184 amicos
684 4127 720 4185 de
739 4144 839 4201 genere
855 4128 1052 4198 proconsulum
1068 4128 1248 4201 patriciorum
