3042 4825
547 215 855 285 ruuurtttotus
1147 226 1249 287 ¹¹11

131 374 174 433 in
198 382 337 457 pectore,
360 374 410 435 cui
436 370 572 434 sublucet
585 370 716 450 chlnnls,
737 371 789 433 vel
809 370 926 434 tunica.
968 370 1006 435 ln
1019 372 1122 457 capite
1140 384 1252 458 gennt

131 474 290 556 insariam,
313 472 547 539 comelantum
567 472 691 533 dictam.
715 471 887 533 Eunuchus
905 475 1042 553 proxime
1062 474 1252 559 ablmpera·

127 576 223 641 toris
241 575 349 637 dextra
366 586 470 651 stans,
491 572 632 635 manibus
649 571 798 633 ambabus
828 574 948 655 pectori
982 572 1166 635 decussatim
1190 578 1251 637 im-
1289 612 1295 635 r

134 676 270 755 puritia,
291 694 388 759 quern
401 694 520 737 morem
533 672 601 734 aula
624 674 755 734 Turnica
772 684 810 733 ut
831 671 946 733 multos
964 670 1068 734 aliose
1084 675 1254 758 Byzantina

129 777 292 852 retinuit,
313 787 353 836 ut
368 776 534 858 Byzantina
558 794 593 835 ex
612 783 751 835 veterum
778 772 967 851 Persarum,
999 784 1044 834 est
1064 773 1254 837 Protedmr

128 888 167 937 et
190 874 481 939 Protonertiarius.
529 874 658 937 indutus
681 886 726 935 est
744 876 936 949 vestimerto,
958 872 1042 956 quod
1057 884 1165 935 nostro
1180 878 1252 936 lee-

129 972 307 1049 κσλέοπες
322 975 461 1037 rendili
477 975 584 1037 leones
608 972 797 1057 appellatur.
818 965 941 1035 Fuisset
961 974 1077 1057 absque
1093 974 1153 1035 liae
1174 976 1253 1035 ima·

127 1078 232 1157 gine,
253 1096 412 1159 nunquam
426 1078 585 1159 perspicue
593 1074 823 1152 intellexissem,
845 1072 936 1157 quale
954 1076 1047 1137 vestis
1061 1095 1157 1157 genus
1170 1094 1252 1137 carr·

122 1174 220 1237 didi
235 1175 344 1239 leones
365 1177 488 1239 fixerint.
530 1174 653 1237 Scilicet
667 1176 702 1237 in
719 1196 755 1236 ea
772 1177 838 1237 eius
856 1186 964 1257 parte,
987 1196 1067 1258 quae
1092 1198 1111 1237 a
1127 1174 1251 1259 cingulo

130 1276 217 1337 inde
237 1296 336 1359 nsque
353 1277 393 1339 ad
410 1276 504 1359 pedes
523 1274 675 1353 decurrit,
699 1276 805 1336 intexti
823 1285 911 1337 eram
928 1274 1032 1337 leones
1050 1278 1083 1337 in
1104 1296 1176 1337 aera
1197 1298 1249 1337 ro-

127 1376 239 1436 tunda
263 1376 347 1439 alba.
389 1377 438 1437 De
455 1376 659 1459 appellatione
681 1376 807 1439 honoris
838 1374 1019 1437 Prolredrus¹
1039 1376 1170 1438 observo
1194 1376 1247 1439 hie

132 1478 174 1536 in
187 1479 331 1553 transitu,
347 1486 486 1559 tempore
505 1476 676 1561 Nicephori
692 1478 872 1538 Botoniatae
893 1486 925 1536 et
941 1476 1161 1559 posterioribus
1180 1499 1249 1539 eam

132 1576 286 1638 omnibus
300 1579 424 1643 maioris
433 1576 549 1640 ordinis
559 1578 738 1663 proceribus
752 1596 947 1639 communem
957 1575 1061 1637 faiae.
1090 1578 1245 1659 Tempore

132 1675 335 1738 Constantini
354 1680 448 1739 nostri
465 1698 526 1739 non
538 1688 614 1739 erat.
656 1680 787 1761 insignis
803 1678 934 1737 mutatio
952 1674 1074 1737 anullo
1090 1686 1242 1758 tempore.
1311 1686 1317 1698 ‘

224 1776 400 1858 Praeterea,
421 1800 518 1861 (psum
539 1790 570 1841 et
590 1776 630 1847 cl.
650 1779 771 1842 Lertnu
790 1776 963 1839 dissertatio
980 1777 1020 1838 de
1041 1779 1110 1839 vita
1131 1788 1163 1838 et
1192 1798 1244 1839 re·

134 1874 200 1937 bus
223 1880 316 1959 gestis
342 1878 533 1941 Constantini
559 1886 774 1939 ornamentum
801 1875 928 1959 aliquod
961 1898 1032 1939 aere
1069 1898 1245 1959 expressum

133 1974 301 2059 flagitaret,
322 1980 447 2061 praefixi
471 1978 517 2040 illi
535 1962 648 2060 effigies
667 1976 784 2059 aliquot
803 1998 969 2039 numerum
992 1977 1241 2063 egarophylacio

136 2074 331 2171 ⁶‘Amplissimi
348 2076 476 2139 ὃωαῐιιε
494 2078 661 2157 Lipsiensis
680 2076 926 2160 depromterum,
953 2077 994 2139 ad
1021 2081 1119 2141 nostri
1145 2099 1242 2160 genus

133 2178 368 2257 pertinentium.
412 2176 536 2237 Primus
557 2196 669 2239 aureus
684 2176 807 2239 exhibet
822 2177 990 2259 Basilium,
1009 2176 1241 2259 Naeuianum,
1353 2186 1365 2209 ‘

138 2286 170 2337 et
192 2278 257 2337 eius
281 2275 380 2337 filiurn
398 2276 643 2340 Constantinum.
693 2276 836 2339 Alterum
858 2300 985 2340 aureum
1007 2280 1162 2341 nibuebot
1180 2281 1240 2341 Ca·

137 2374 259 2464 talogus
272 2374 389 2438 laudati
409 2372 617 2461 gazophylacii
635 2396 655 2438 a
672 2374 713 2438 cl.
729 2376 917 2455 Wachtero,
940 2378 1087 2442 Glosser'll
1105 2379 1241 2461 celeber-

136 2477 217 2539 rimo
238 2488 381 2556 auctore,
404 2478 573 2555 confectum,
595 2477 718 2557 Leonis,
738 2477 841 2540 Basilii
864 2477 939 2538 filio.
982 2480 1115 2560 Reperio
1136 2491 1244 2545 unet

135 2591 209 2638 etun
223 2578 307 2661 apud
326 2578 516 2640 Banduriurn
549 2580 630 2639 inter
656 2599 768 2640 numos
792 2579 917 2640 loannis
932 2577 1119 2662 Polaeologi.
1161 2580 1241 2642 Ter·

134 2679 197 2739 tius
226 2699 338 2750 aeneus
372 2681 506 2740 Leonem
531 2677 662 2740 eundem
686 2678 817 2742 exhibet
865 2680 1004 2760 Quartus
1023 2680 1098 2740 item
1129 2700 1242 2748 neuere

136 2779 373 2841 Constantinum
394 2790 547 2859 noenum,
569 2800 641 2840 erun
664 2779 728 2842 zoe
750 2780 848 2862 ipsius
875 2788 986 2850 matre,
1032 2777 1134 2842 Habet
1154 2779 1239 2842 hunc

131 2899 263 2940 numum
288 2881 340 2941 Du
365 2881 500 2942 Cinorus
515 2899 638 2962 quoque
668 2879 771 2961 p.136
787 2877 973 2940 familiarum
985 2877 1123 2963 Byzant,
1145 2891 1237 2942 etre-

134 2980 195 3040 fert
214 2978 255 3040 ad
277 2979 511 3044 Constantinum
526 2983 697 3054 iuniorem,
723 2981 857 3040 Romani
881 2977 991 3057 lilium,
1011 2983 1109 3040 nostri
1140 3002 1237 3064 nepo-

134 3090 210 3156 tem,
233 3079 358 3161 eiusque
371 3081 482 3158 tiliam,
504 3081 598 3142 Zoiin.
621 3078 682 3140 Sed
701 3080 782 3139 ratio
809 3079 851 3139 nb
882 3082 949 3164 ipso
965 3079 1139 3142 discedendi
1163 3081 1240 3146 haec

132 3177 211 3240 mihi
230 3177 300 3259 tuit,
321 3177 406 3262 quod
422 3180 527 3240 vultus
544 3180 622 3241 Zolis
637 3176 772 3240 adultior
788 3182 892 3261 petius
917 3191 1060 3258 matrem,
1082 3203 1176 3265 quam
1202 3182 1240 3244 ii-

133 3277 224 3357 tan,
255 3289 287 3340 et
311 3278 416 3340 vulttrs
442 3279 631 3348 Constantini
656 3277 826 3342 admodum
853 3277 979 3362 puerilis
1001 3283 1104 3364 potius
1120 3280 1239 3360 filiurn,

132 3389 374 3462 qnam-patrem,
395 3379 553 3442 rideretur
582 3399 718 3463 arguere.
771 3359 914 3459 Quintus
927 3402 1039 3443 numus
1059 3402 1166 3444 rursus
1183 3403 1241 3443 au·

132 3501 205 3542 retis
220 3490 267 3542 est
288 3477 454 3563 Nicephori
479 3481 614 3559 Phocae,
638 3483 725 3542 cuius
750 3480 832 3563 apud
859 3481 1008 3544 Nostrum
1030 3483 1069 3543 L.
1096 3481 1119 3545 1.
1137 3503 1167 3544 c.
1181 3481 1238 3566 96.

134 3581 253 3642 mentio
271 3579 314 3644 fit.
353 3581 397 3642 Et
416 3569 467 3642 lric
484 3601 608 3663 quoque
630 3581 713 3662 apud
735 3580 926 3642 Bandurium
951 3592 1059 3644 exstat.
1119 3603 1126 3608 ·

218 3677 344 3741 Addam
361 3680 487 3742 tandem
509 3679 627 3763 aliquot
648 3679 727 3759 loca,
755 3681 790 3742 in
812 3679 925 3762 quibos
947 3680 1242 3751 Latine,reddendis

133 3779 263 3842 hnmani
283 3780 400 3863 aliquid
420 3801 528 3865 passus
551 3779 608 3843 fni.
651 3782 789 3864 Longior
808 3800 895 3859 usus,
916 3791 952 3842 nt
970 3782 1017 3860 lit,
1035 3783 1167 3844 rectiora
1190 3804 1243 3846 me

136 3880 255 3943 doeuit.
313 3881 362 3943 Ut
381 3904 415 3965 p.
445 3881 518 3944 236.
546 3881 584 3944 Β.
608 3878 696 3966 fine,
720 3873 854 3962 ῥήματα
876 3878 1047 3946 ἕνδιάθετα
1077 3904 1140 3946 non
1168 3892 1242 3944 sunt

136 3981 311 4046 aaronem
329 3981 492 4047 lenocinia
506 3995 536 4045 et
557 3981 803 4056 blanditiam,
826 3982 879 4044 sed
897 3984 1002 4044 verba
1023 4002 1109 4067 quae
1128 3983 1240 4045 animo

143 4101 202 4149 tuo
217 4083 458 4166 seeumeolvit,
479 4097 511 4148 et
531 4083 649 4166 agitat
668 4103 700 4166 p.
715 4080 789 4170 ²4¹·
805 4083 878 4164 B.4
896 4073 1069 4168 συνάγεται
1088 4093 1135 4148 est
1153 4075 1241 4159 coar·
