3042 4825
17 303 24 334 i

248 250 276 311 X
661 244 904 311 PRAEFATIO.

247 411 278 456 et
293 401 519 455 luculentissimis
539 402 621 456 huius
643 406 749 475 generis
769 401 1031 475 aequiparandum,“
1047 403 1242 473 pronuntiarit.
1277 402 1341 456 llu-

247 510 292 561 ins
311 506 498 561 commentarii
516 515 622 576 partem
639 484 840 577 posteriorem,
862 523 934 579 qnae
950 505 1138 577 Appendicem
1157 505 1225 560 libri
1241 507 1340 577 primi,

247 612 453 683 secundumque
471 612 608 681 integrum
633 611 826 681 persequitur,
846 615 910 679 post
939 626 1041 662 annum
1065 609 1177 675 lxxv,
1202 610 1340 664 aschedis

248 714 373 778 Reislrii,
400 716 432 766 in
449 714 589 780 volumine
607 714 689 766 huius
707 713 793 783 partis
811 711 932 768 secundo
951 719 1075 783 ereptam
1093 712 1229 767 oblivioni
1246 715 1277 767 in
1292 713 1341 765 lu-

249 834 308 871 cem
326 815 476 889 proferam,
496 816 581 889 idque
599 816 668 869 mihi
686 817 863 888 potissimum
881 814 1045 885 contigisse,
1069 826 1183 888 propter
1198 825 1343 888 paternam

248 896 415 985 amicitiam,
439 917 629 990 pietatemque
651 936 706 993 qna
732 919 799 975 inde
826 939 842 973 a
866 919 989 990 pueritia
1007 921 1169 1000 memoriam
1187 921 1241 975 riri
1264 922 1344 973 unici

248 1032 342 1079 sancte
359 1023 449 1076 colere
469 1030 594 1076 assuetus
613 1041 682 1089 cum,
699 1023 880 1081 vehementer
896 1024 991 1079 laetor.
1029 1023 1132 1079 Fateor
1154 1039 1227 1077 sane·
1246 1023 1342 1078 multis

248 1128 317 1183 locis
334 1126 447 1180 nonnisi
464 1126 594 1179 inchoata
611 1142 690 1192 esse,
708 1120 793 1182 limae
811 1136 932 1193 servata,
959 1145 1042 1203 quam
1061 1128 1180 1199 scriptor
1197 1125 1344 1179 adhibuis-

248 1238 308 1295 set,
325 1230 381 1282 nisi
398 1228 556 1301 bibliopola
577 1246 641 1285 euna
659 1231 844 1287 destituisset:
870 1246 966 1287 uerum
985 1232 1016 1286 id
1034 1232 1120 1286 nitori
1139 1230 1234 1303 potius
1259 1246 1344 1303 quam

249 1333 343 1406 pretio
363 1316 454 1404 operia
472 1316 563 1389 obest.

321 1436 451 1491 Codicem
467 1438 571 1508 ipsum,
598 1447 630 1494 nt
647 1440 747 1513 inspici
765 1450 859 1512 posset
874 1441 926 1496 nbi
945 1459 1014 1513 opus
1031 1439 1121 1505 foret,
1139 1438 1236 1510 Lipsia
1253 1444 1345 1492 trans-

249 1542 365 1593 missum
387 1556 454 1606 esse,
472 1534 627 1610 Blumneri,
645 1562 673 1601 v.
684 1547 728 1613 cl,
745 1545 932 1613 humanitati,
948 1548 1158 1618 litterarumque
1175 1542 1277 1607 mliii,
1301 1550 1346 1607 ⁸22

250 1646 306 1699 nisi
324 1662 369 1697 me
386 1647 545 1700 coniectura
565 1646 680 1721 decipit,
698 1652 839 1705 amicitiae
852 1648 1228 1723 patrocinioquellermanni
1246 1645 1345 1700 debeo.

318 1748 445 1815 indiee's,
470 1750 508 1803 ad
536 1768 632 1806 eorum
653 1754 741 1809 instar
769 1756 820 1827 qni
843 1751 977 1827 Agathise
999 1755 1123 1812 subiecti
1145 1759 1229 1817 sunt,
1247 1752 1347 1804 confici

248 1853 362 1921 vellem,
379 1870 474 1907 verum
492 1854 625 1909 hactenus
642 1856 737 1913 inveni
762 1860 872 1914 nullum
896 1860 941 1912 cni
958 1858 1030 1912 vires
1050 1856 1161 1911 adrem
1179 1856 1252 1910 bene
1279 1871 1346 1907 exe-

250 1956 389 2032 quendam
398 1974 459 2011 cum
469 1959 527 2011 otio
540 1960 701 2014 coniunctae
707 1971 900 2033 suppeterent:
919 1963 995 2025 noni,
1006 1961 1057 2033 qui
1072 1962 1178 2031 optime
1192 1960 1347 2022 conficeret,

250 2060 300 2114 sed
320 2078 417 2115 cuma
439 2061 627 2117 nobilioribus
655 2064 755 2119 studiis
782 2082 896 2119 avocere
913 2067 989 2119 nolo.
1028 2064 1114 2136 Quod
1136 2066 1163 2116 ei
1182 2081 1246 2135 spes
1264 2062 1348 2116 dere

250 2180 335 2235 qnam
352 2165 430 2217 cordi
449 2164 540 2220 habeo
558 2184 670 2239 prorsus
688 2168 847 2223 abiicienda
865 2176 924 2233 est,
942 2184 990 2221 eos
1009 2176 1085 2220 certe
1103 2164 1176 2218 dabo
1193 2181 1263 2238 quos
1282 2164 1348 2218 llei-
1410 2216 1413 2220 ,

249 2266 327 2321 skins
347 2267 466 2323 editioni
485 2287 552 2325 auae
571 2270 768 2326 destinaverat:
793 2290 865 2345 qnae
882 2288 947 2325 vero
967 2270 1017 2321 ille
1036 2284 1071 2321 ex
1088 2269 1209 2340 Georgio
1232 2268 1348 2329 liemar-

248 2372 322 2436 tolo,
349 2380 433 2445 atque
461 2374 590 2440 aliunde,
619 2376 655 2430 ad
681 2376 887 2448 exaequandam
904 2375 1081 2448 potissimum
1102 2373 1182 2427 tertii
1198 2360 1379 2426 voluminis'

247 2476 359 2540 molcm,
377 2476 544 2552 subiungere
562 2481 591 2533 in
611 2481 703 2534 animo
722 2481 855 2548 habehat,
873 2482 1012 2545 omittere,
1026 2487 1059 2532 nt
1075 2479 1196 2543 inutilia,
1211 2475 1329 2530 decrevi.

318 2582 380 2635 Scio
405 2599 472 2654 ego,
490 2583 577 2636 libros
597 2584 842 2641 Constantinianus
861 2586 896 2639 de
915 2583 1087 2648 cerimoniis,
1112 2600 1183 2656 quoe
1201 2583 1347 2653 inscriptio

247 2689 307 2758 ipen
331 2687 402 2741 circa
420 2705 504 2759 nugas
521 2691 621 2742 versari
638 2687 751 2760 prodit,
774 2708 790 2742 a
807 2691 935 2760 plurimis
954 2688 1095 2742 contemni
1110 2687 1195 2757 plane
1213 2701 1245 2738 ac
1270 2686 1351 2738 deri-⁴

246 2791 323 2845 deri:
342 2807 432 2864 neque
451 2791 557 2862 negabo
576 2793 708 2846 maiorem
726 2796 828 2865 prioris
845 2794 913 2848 libri
930 2801 1038 2864 partem
1056 2793 1094 2844 ita
1113 2808 1173 2845 esse
1199 2807 1346 2861 compara·
1402 2777 1409 2784 ¹

246 2905 305 2948 tam
321 2903 354 2949 ut
373 2895 493 2964 ingenuo
512 2896 621 2951 homini
639 2904 772 2952 nauseam
787 2906 904 2951 moveat
941 2897 997 2951 Sed
1008 2897 1053 2949 nel
1071 2899 1103 2950 in
1120 2896 1164 2947 his
1183 2892 1345 2966 quisquiliis

249 3001 344 3052 incunt
367 2996 550 3052 nihilominus
573 3019 615 3054 res
639 3000 675 3053 ad
699 2999 834 3056 historiae
862 3003 1049 3073 cognitionem
1075 2997 1191 3053 minime
1214 2994 1347 3047 inutilem

249 3110 309 3155 tum
332 3117 397 3157 vero
430 3102 480 3154 illa
508 3106 672 3176 praesertim
694 3106 726 3158 in
750 3104 932 3177 sequentibus
958 3119 1030 3176 quae
1054 3119 1089 3156 ex
1109 3101 1190 3155 Petro
1208 3100 1348 3167 Patricio,
1370 3131 1373 3138 -

250 3207 352 3276 partim
377 3207 475 3262 omisso
494 3207 553 3259 eius
571 3210 698 3273 nominc,
722 3206 822 3260 hausta
840 3215 921 3272 suut,
940 3225 997 3261 non
1015 3209 1106 3262 solnm
1122 3207 1275 3260 utilitatem
1292 3204 1345 3258 ha-

248 3309 319 3363 beut
336 3312 481 3378 eximiam,
506 3310 557 3364 sed
580 3311 743 3383 elegantiam
767 3327 893 3383 qnoque,
916 3329 1009 3386 neque
1033 3313 1091 3366 iere
1108 3311 1158 3364 alii
1176 3309 1259 3362 huius
1280 3325 1342 3362 cor·

246 3414 323 3485 poris
346 3413 419 3468 libro
443 3415 614 3486 praestantia
641 3414 753 3476 cedunt.
787 3415 936 3471 Deiitescit
962 3417 992 3469 in
1017 3417 1071 3482 iis,
1090 3424 1199 3470 utrem
1216 3414 1344 3485 exemplo

247 3528 467 3584 commonstrem,
484 3519 585 3574 Leonis
602 3519 725 3591 Augusti*
737 3519 869 3588 edictum,
887 3518 964 3594 quod
980 3537 1031 3592 per
1049 3504 1135 3574 annos
1149 3520 1234 3591 paulo
1251 3519 1345 3572 minna

248 3620 345 3676 lxxx
368 3623 435 3676 inde
458 3623 617 3696 protrahere
644 3625 828 3696 neglexerunt
853 3628 904 3698 qui
929 3626 1073 3696 angendae
1097 3623 1258 3680 collectioni
1279 3623 1345 3678 reli·

165 3711 168 3718 ’
248 3725 375 3798 quiurum
393 3729 462 3781 iuris
478 3729 740 3784 Ante-Iustinianei
755 3748 867 3802 operam
880 3730 1024 3786 dederunt.
1102 3782 1110 3795 ,

316 3869 373 3925 Ser.
391 3871 504 3925 Bonnae
523 3885 547 3921 a.
567 3872 593 3926 d.
612 3873 644 3927 V.
662 3871 702 3926 ld
720 3872 800 3927 Mart
819 3872 1045 3932 MDCCCXXIX.
