3042 4825
310 213 581 317 consumuat
615 251 765 323 ronan.
797 255 853 318 nn
882 254 1078 321 carmon.
1152 221 1256 354 ⁸451

160 401 308 491 βασιλέα
330 412 516 474 τελευταῖον
537 408 574 474 δὲ
590 407 672 490 μετά
694 405 731 474 τδ
753 409 910 476 είσελθεΐν
930 400 1028 474 adsta
1047 409 1094 483 ιῑς
1107 401 1144 472 τά
1153 410 1262 472 πλοῖον

163 505 195 572 οἱ
213 509 273 589 μὲν
291 505 523 592 παριστάμενοι
542 506 657 584 πάντες
676 505 822 589 ἔπιπτον,
844 502 939 585 αὐτὸς
959 509 1005 589 δὲ,
1025 504 1128 592 τρίτον
1148 521 1285 591 oppa-u
1320 489 1329 500 ⁰

152 587 254 688 “γίσας
274 602 332 689 τήν
352 603 461 688 πόλιν,
488 606 594 672 ἐκίνει.
635 607 752 692 ripum
775 608 829 687 δὲ,
853 598 937 691 άχρι
949 610 1005 673 τοῦ
1026 604 1265 687 συνοψισθῆναι

160 703 214 768 τδν
235 701 334 786 λαὸν,
363 702 418 769 διά
439 708 556 790 τριῶν,
585 707 719 772 ἐδείπνει
740 709 776 772 δὲ
798 706 852 771 διά
874 704 933 770 δύο
963 704 1049 790 πλὴν
1070 707 1126 788 τῆς
1148 726 1262 793 κυριο-

140 803 226 886 5κῆς.
269 797 414 889 οἷκίνητος
435 807 472 870 δὲ
501 803 612 886 ἔμενεν
632 807 666 870 ἐν
686 805 769 896 αὐτῇ
799 808 839 892 τῇ
869 802 982 894 ἡμέρᾳ.
1033 802 1203 890 φθάνοντα
1226 803 1264 868 dt

163 899 258 966 αὐτὸν
278 901 356 987 πρὸς
375 901 428 968 τὸν
446 901 544 987 λαὸν,
565 902 713 990 ὑπήντων
733 901 821 993 αὐτῷ
842 901 873 968 οἱ
894 902 1107 991 προλαβόντες
1126 903 1181 985 τῆς
1202 901 1265 964 τά·

163 1005 241 1080 ξειος
271 1000 326 1066 καί
354 999 394 1066 τά
426 1003 571 1087 τάγματα
590 1005 645 1069 ἐπί
662 1008 705 1094 aqi
727 997 812 1094 άκρρ
832 1008 890 1070 τοῦ
916 1002 1093 1088 άπλήκτου,
1123 1005 1179 1066 καί
1205 1023 1264 1082 με·

165 1098 206 1164 τά
239 1103 298 1165 τοῦ
327 1103 484 1184 βασιλέως
510 1099 595 1170 nitro
627 1104 810 1171 συνείποντο
849 1096 927 1190 άχρι
953 1105 1010 1187 τῆς
1037 1110 1185 1186 κορτῖνος.
1228 1102 1264 1164 ἐν

163 1200 248 1287 αὐτῇ
268 1201 303 1264 δὲ
322 1203 360 1288 τῇ
381 1200 483 1291 ἡμέρᾳ
511 1201 711 1280 indiscretio
742 1197 919 1289 ἄρχοντας,
947 1201 1004 1267 καί
1022 1200 1130 1267 ε’δίδου
1152 1200 1407 1277 αὕταϊςερ,ι,·,6ρ

124 1295 373 1380 ιοάποκόμβιον,
400 1304 456 1362 κατ’
472 1304 638 1382 μαϊουμοῖν
657 1312 723 1377 τοῖς
743 1301 963 1388 στρατιώταις.
985 1305 1106 1368 ἐκεῖθεν
1127 1301 1163 1365 δὲ
1182 1297 1262 1381 μετά

164 1399 222 1462 τοῦ
242 1400 323 1462 λαοῦ
342 1397 489 1462 κινοῦντα
509 1395 563 1462 τὸν
583 1403 718 1481 βασιλέα
738 1401 817 1466 κατά
839 1399 898 1485 τήν
919 1400 994 1467 ὁδὸν
1014 1401 1074 1465 τοῦ
1093 1399 1262 1480 ταξειδάιυ,

169 1495 299 1560 ἕκαστον
326 1496 414 1578 diua
440 1496 564 1583 άπὴντοι
593 1493 682 1587 αὐτῷ
709 1497 791 1563 κατά
817 1496 854 1564 τὸ
885 1499 1059 1585 πλησιάζον
1086 1500 1182 1584 μέρος
1208 1500 1264 1581 τῆς

169 1591 267 1676 sidoni,
289 1593 341 1661 ἵνα
362 1594 407 1680 μὴ
429 1600 523 1684 κοπιᾷ
544 1597 563 1661 ὅ
584 1595 687 1690 λαόςῇ
711 1599 745 1661 ἐν
767 1599 803 1662 δὲ
823 1603 862 1687 τῇ
883 1600 964 1686 αὐτῇ
981 1598 1104 1685 ἡμέρᾳ,
1126 1602 1201 1661 καθ’
1222 1594 1264 1679 ἢν

165 1695 291 1778 ἐδέχετο
323 1687 424 1760 odada
452 1693 489 1760 τὸ
516 1700 620 1778 δέμα,
647 1694 760 1778 Ιιέκάλει
788 1693 862 1772 roric
891 1689 1049 1780 ἄρχοντας
1076 1696 1137 1760 τοῦ
1163 1692 1263 1758 αὐτοῦ

126 1795 320 1875 ιδθίματος.
360 1791 418 1880 τὴν
438 1797 475 1859 δὲ
500 1797 614 1880 χρείαν
632 1798 688 1880 τῆς
707 1795 872 1881 βασιλικῆς
898 1791 1090 1881 ὑπηρεσίας,
1119 1796 1263 1858 τουτέστι

165 1893 295 1979 σφακτά
324 1915 358 1958 τε
385 1891 441 1958 καί
476 1887 580 1980 οἰρνία*Ι
608 1893 664 1959 καί
693 1892 734 1960 τά
764 1895 898 1959 τοιαῦτα
927 1893 983 1960 καί
1001 1891 1038 1958 τά
1058 1896 1187 1976 ψωμίον
1205 1895 1262 1978 τῆς

165 1991 347 2076 φιλοτιμίας
376 1995 432 2056 καί
467 1990 523 2058 τὸν
546 1991 655 2059 λοιπὸν
674 1995 839 2074 μοϊουμάν
858 1991 1004 2078 ἐχορήγει
1024 1996 1155 2069 ἕκαστος
1175 2007 1285 2078 πρυ-Β

167 2086 350 2170 τονοτάριος
379 2091 414 2154 ἐν
440 2092 485 2178 τῷ
512 2091 582 2178 ἰδάγ
611 2093 730 2172 βάματι
760 2090 964 2176 διερχόμενον
988 2089 1199 2174 τὸνβασιλέα
1220 2091 1256 2154 ἐκ

165 2190 224 2252 τοῦ
251 2188 360 2273 άερίου
387 2189 481 2272 λόγου
510 2190 567 2253 καί
585 2191 649 2254 τῶν
668 2191 824 2256 συνονῶν·
865 2184 964 2276 ἢκαί
981 2188 1026 2273 μὴ
1045 2186 1146 2273 ἔχων,
1177 2194 1262 2271 λαμ-

125 2289 272 2371 superor
300 2289 337 2352 ἐκ
363 2290 420 2352 τοῦ
450 2289 587 2370 εἰδικοῦ,
624 2283 722 2365 αὐτάς
758 2287 866 2380 διῴκει
901 2292 1024 2371 ταῦτα,
1051 2288 1191 2371 μάλιστα
1224 2289 1261 2351 dl

165 2490 236 2546 bant
258 2508 350 2547 omnes
374 2494 405 2545 in
421 2494 503 2547 litore
521 2491 657 2545 adstantes
680 2494 710 2545 in
730 2510 829 2562 genua,
846 2495 905 2561 ipse
921 2498 1023 2555 autem
1037 2490 1111 2545 Urbe
1127 2494 1170 2544 ter
1182 2493 1260 2561 signu

166 2563 386 2631 crucissignata‚
409 2563 536 2617 movebat
562 2571 590 2616 et
610 2562 713 2623 abibat.
749 2569 783 2617 in
808 2565 926 2627 itinere,
953 2564 1042 2615 donec
1061 2561 1215 2632 appelleret
1229 2565 1262 2615 in

168 2640 254 2687 castra
283 2649 388 2703 suoque
403 2633 537 2687 exercitui
552 2637 659 2687 veniret
677 2636 706 2685 in
733 2640 924 2704 conspectum,
941 2633 1022 2685 trinis
1036 2630 1189 2703 prandebat
1204 2634 1261 2684 fcr-

168 2704 248 2767 culis,
269 2702 403 2762 coenabat
418 2704 507 2766 binis,
530 2712 722 2775 praeterquam
744 2706 791 2758 die
813 2703 966 2765 dominico,
994 2720 1049 2772 quo
1075 2720 1184 2773 prorsus
1203 2719 1261 2755 non

166 2772 308 2835 movebat,
328 2767 377 2825 se'd
396 2772 558 2826 considebat
581 2777 699 2844 quietus.
736 2775 900 2828 advenienti
914 2774 944 2825 in
965 2773 1115 2825 exercitum
1135 2790 1262 2825 occurre·

170 2842 242 2897 baut
255 2844 307 2914 ipsi
326 2846 356 2896 in
381 2852 500 2897 extremo
522 2845 668 2913 applicati,
692 2864 761 2917 quos
784 2854 848 2897 ante
869 2860 947 2895 sunm
968 2858 1003 2895 ea
1026 2843 1099 2896 Urbe
1120 2855 1262 2895 excessum

168 2930 259 2968 coram
279 2930 307 2965 ss
325 2917 356 2967 iu
369 2922 455 2966 castra
470 2916 660 2985 praemiserat,
680 2924 736 2969 tem
754 2916 922 2987 praetoriani
942 2914 1011 2966 sacri
1034 2916 1154 2984 corporis
1170 2921 1263 2966 custo-

169 2985 234 3048 des,
253 3000 335 3054 qaam
360 2985 484 3056 reliquae
501 2982 640 3048 cohortes,
660 2993 689 3039 et
707 2984 947 3057 prosequebantur
965 3001 1027 3035 eum
1045 3001 1133 3054 usque
1153 2984 1189 3035 ad
1203 3001 1263 3037 coa·

168 3058 213 3108 tin
235 3072 282 3106 seu
302 3059 469 3123 praetorium
490 3054 535 3107 vel
552 3057 701 3109 tentorium
721 3064 872 3127 augustum.
908 3056 947 3107 Eo
965 3054 1027 3118 die,
1048 3052 1155 3124 quoad
1174 3062 1262 3108 castra

169 3124 340 3195 applicabat,
362 3124 478 3177 iubebat
502 3125 583 3175 duces
607 3126 739 3180 militares
762 3144 854 3179 secum
875 3126 998 3195 epulari,
1025 3132 1055 3176 et
1077 3122 1262 3178 distribuebat

170 3196 238 3263 ipsis
261 3194 440 3263 apocombia,
464 3192 600 3247 militibus
619 3204 712 3249 autem
732 3196 814 3249 dabat
836 3196 981 3248 maiomam
1004 3211 1052 3247 scu
1074 3196 1260 3249 refectionem·

169 3266 254 3319 Illinc
268 3268 389 3317 moventi
406 3284 467 3319 cum
489 3265 613 3319 exercitu
634 3268 795 3337 Imperatori
821 3284 854 3319 ea
878 3270 923 3318 ria
933 3304 943 3330 ,
969 3282 1052 3337 qnam
1076 3261 1195 3319 ducebat
1210 3284 1261 3319 ex-

169 3336 321 3407 peditionis
337 3334 502 3401 destinatio,
530 3337 689 3391 occurrebat
700 3337 916 3408 unumquodque
937 3337 1029 3390 thema
1053 3353 1101 3389 seu
1114 3353 1260 3407 unaquae⁴

171 3424 225 3477 que
245 3406 318 3473 legio
339 3407 515 3476 provincialia
535 3406 565 3460 in
585 3407 645 3461 loco
669 3408 811 3471 adriam,
835 3425 890 3479 qua
911 3406 1093 3470 transibitur,
1115 3410 1258 3478 proximoq

169 3494 207 3531 ne
232 3477 338 3529 scilicet
362 3478 464 3531 milites
492 3478 526 3529 ab
555 3478 683 3548 imposita
705 3482 868 3533 necessitate
892 3476 974 3531 elon
993 3480 1078 3548 inquo
1098 3474 1261 3531 occurrendi

106 3561 113 3585 t
170 3548 356 3617 fugitareatur.
394 3551 433 3602 Eo
452 3552 544 3603 autem
567 3548 630 3613 die,
653 3568 709 3621 quo
728 3550 868 3603 anomali
890 3549 945 3602 uod
1002 3564 1062 3601 ema
1080 3551 1170 3617 ipsum
1184 3549 1260 3601 exci-

170 3618 267 3688 piebat
293 3624 321 3671 et
344 3618 378 3669 ad
406 3620 497 3689 ipsum
522 3620 692 3689 impellebat,
720 3621 857 3675 inritabat
870 3566 1031 3686 (lmperator
1051 3618 1111 3671 eius
1130 3618 1260 3673 thematis

172 3696 289 3743 rectores
307 3686 341 3741 ad
356 3691 464 3761 epulam
484 3688 584 3760 quibua
602 3692 769 3756 necessaria,
796 3700 829 3743 ut
846 3691 1003 3760 capriliam,
1021 3692 1148 3759 agninam
1171 3699 1200 3743 et
1219 3692 1260 3743 si-

171 3760 270 3821 milia,
294 3758 362 3813 item
390 3760 527 3813 bucellam
548 3760 749 3830 largitionalem
772 3763 964 3832 reliquumque
982 3763 1129 3813 maiomam
1151 3778 1198 3813 sea
1215 3777 1261 3813 re-

171 3831 337 3881 creationem
355 3832 565 3902 suppeditabat3
588 3832 738 3887 identidem
762 3834 965 3902 protonotarius
980 3833 1113 3901 cuiusque
1130 3830 1260 3883 thematis

94 3940 96 3943 .
170 3900 324 3951 transeunti
347 3902 556 3971 imperatorias
575 3902 710 3957 reditibus
736 3905 804 3956 a'drii
825 3906 893 3971 [scu
914 3902 1012 3955 tributi
1035 3899 1259 3962 extraordinarii,

172 3968 247 4039 quod
266 3987 316 4041 pro
332 3975 470 4027 communi
485 3973 562 4025 vitali
577 3990 660 4037 aura,
680 3990 761 4044 quam
776 3973 934 4037 haurimus,
958 3974 1073 4025 solvitur
1083 3970 1106 4042 ‚l
1126 3972 1170 4023 vel
1183 3977 1260 4022 etex

171 4041 282 4107 anonis
298 4058 344 4094 seu
356 4043 586 4112 praestationibus
600 4052 629 4096 ct
635 4044 859 4098 consectionibus
875 4046 1027 4113 specierum
1039 4042 1260 4107 annonariammq

172 4118 222 4162 aut
234 4113 257 4165 si
271 4128 327 4166 non
346 4112 469 4179 baberet,
488 4114 562 4168 unde
582 4124 702 4169 sumeret
720 4132 845 4169 nummos
862 4116 993 4187 impensis
1008 4113 1140 4166 faciendis
1161 4127 1259 4164 necea·
1286 4167 1288 4171 ,
