3042 4825
288 89 371 200 776
491 111 767 183 cousramrm
807 117 1174 188 eomamocmm

281 265 347 346 τοῖς
367 267 556 350 βασιλεῦσιν
575 271 611 338 ’ἐν
630 275 675 361 τῷ
693 271 817 363 τερπνῷ
834 276 1108 366 χρυσοτριιιλινιρ,
1141 282 1199 344 κατ’
1216 281 1452 346 ουτω-τιὸ·-

281 389 338 434 ται
357 371 403 457 τρῖ
422 373 554 451 βασιλεῖ
570 369 589 436 δ
608 373 820 460 πατριάρχης,
841 379 898 440 καί
912 379 1142 460 σογιιιιλοῦνται
1163 379 1210 456 εἷς
1240 383 1448 446 συνεστί-

282 495 357 538 ασιν
377 465 480 536 αδτοῦ
500 469 565 536 duo·
580 475 639 558 τῆς
653 474 771 552 τάξεως
784 479 847 540 τῶν
861 474 1054 561 μαηίστρων,
1075 477 1323 562 matusalem,
1357 506 1444 543 πα-

281 573 412 659 τρινιλον
438 573 496 637 aar*
519 573 638 638 λοιποδν
656 579 831 657 βασιλικῶν
852 574 1031 661 ἀνθρώπων
1053 576 1114 643 σδν
1131 583 1195 644 τῶν
1222 603 1440 667 μητροπο-

132 669 380 750 ῑιῑῑι.449λιτῶν
406 670 489 736 κατά
517 669 552 736 τδ
583 669 683 738 ποσδν
709 674 769 758 τῆς
802 678 978 760 τραπέζης.
1016 677 1058 761 τῇ
1079 679 1116 742 δὲ
1139 671 1180 740 ια’
1200 682 1264 743 τοῦ
1292 677 1458 742 asim&

281 774 399 838 Maiae
423 778 562 839 τελεῖται
581 770 618 838 τά
641 777 803 858 γενέθλιον
822 779 879 860 τής
906 775 1028 854 πόλεως
1046 773 1189 862 ταύτης,
1225 779 1293 842 καὶ
1317 780 1435 844 ἔκτε-

280 877 384 938 λεῖται
406 873 548 950 δεξίωσις
570 873 697 954 δεξίμον
718 877 822 959 χωρίς
842 877 979 956 σαξίμου
1000 876 1057 941 κατ’
1077 875 1208 942 ἱππικὸν
1228 875 1428 962 ἱπποδρό-

280 995 376 1056 μιον,
408 976 466 1037 κατ’
482 978 618 1038 τελεῖται
637 971 811 1060 ιιληεάριον
840 974 925 1040 κατά
944 974 1001 1042 τδν
1021 979 1176 1061 λεχθέντα
1197 975 1324 1044 τάποτ.
1378 981 1431 1068 τῇ

281 1075 319 1140 δὲ
347 1069 442 1162 ὀγδόη
470 1074 529 1139 τοῦ
560 1073 662 1140 αὐτοῦ
683 1077 799 1140 Μαΐου
828 1075 929 1161 μηνὸς
957 1082 1095 1142 τελεῖται
1123 1080 1326 1163 προέλευσις
1350 1083 1427 1165 τῆς·

279 1173 408 1258 μνήμης
426 1176 484 1240 τοῦ
503 1170 663 1257 Θευλόγου
685 1175 720 1240 ἐν
738 1179 783 1263 τῷ
802 1171 942 1266 ἑβδόμῳ,
960 1175 1019 1242 καὶ
1036 1181 1227 1262 τελουμένης
1246 1182 1312 1262 τῆς
1335 1184 1461 1244 λετ-ιο

280 1271 442 1360 τουργάας,
473 1275 661 1357 προτιθεται
676 1273 859 1361 κλητιάριον,
901 1277 959 1340 κατ’
977 1277 1210 1366 συγκαλοῦνται
1229 1275 1321 1342 κατά
1344 1275 1420 1343 τιέ-

281 1397 342 1440 πον
372 1373 403 1438 οἱ
430 1374 486 1458 τής
506 1365 685 1458 συγκλήτου
716 1371 834 1450 πάντες
863 1373 945 1441 aursi
967 1368 1005 1441 τά
1025 1373 1126 1442 ποσάν
1145 1378 1201 1461 τῆς
1219 1379 1415 1462 τραπέζης.
1488 1384 1490 1443 J

281 1474 323 1560 τῇ
347 1473 382 1538 δὲ
403 1471 428 1536 κ’
450 1475 510 1536 τοῦ
529 1475 662 1538 Ἰουλίου
681 1471 781 1560 μηνὸς
800 1475 972 1540 ἐντελεῖται
994 1472 1049 1539 διοὶ
1072 1475 1214 1542 λιτανίου
1235 1473 1411 1562 προελεύ-

253 1581 362 1650 Βσεοος
382 1568 472 1636 ἔνδον
491 1573 548 1636 τοῦ
568 1574 724 1638 παλατίου
746 1567 765 1658 ή
784 1569 895 1658 μνήμη
911 1573 1027 1638 Ἡλιοιῖ
1046 1577 1107 1639 τοῦ
1125 1571 1316 1661 προφήτου,
1339 1572 1410 1638 κατ’
1488 1558 1490 1575 ’

286 1667 330 1736 δι’
350 1670 489 1757 αάτήςή
512 1669 683 1756 άνάκλησις
709 1676 766 1756 τῆς
794 1670 1008 1759 περισρήσεοος
1034 1677 1095 1740 τοῦ
1121 1675 1274 1757 εδσεβοῦς
1300 1672 1444 1758 ήμῶνιᾶ

282 1772 459 1855 βασιλέως.
498 1776 733 1854 προεκτελεΐται
761 1772 798 1836 δὲ
829 1771 891 1859 πρδ
921 1766 1023 1858 αάτής
1052 1775 1112 1858 τῆς
1137 1773 1262 1862 ἡμέρας
1292 1775 1332 1840 ἐν
1353 1779 1402 1862 τῇ

282 1873 457 1958 παραμονῇ
476 1867 644 1957 ἑσπερινόν
664 1871 698 1935 ἐν
718 1871 761 1958 τῷ
784 1868 905 1962 Φάρῳ,
940 1875 997 1936 καί
1015 1862 1132 1960 ᾄδεται
1151 1873 1243 1959 παρά
1264 1869 1398 1938 πάντων

283 1965 483 2054 άπολάσιμον
504 1961 593 2059 ρῖσμοι
623 1965 770 2051 ι’σὸμελον
796 1973 857 2034 τοῦ
883 1973 1153 2058 ,,σονταφὲντες,”
1183 1975 1241 2036 aas·
1267 1973 1396 2036 δίδοται

282 2078 351 2146 τοῖς
367 2074 564 2157 μαγιλιτροις,
585 2072 819 2156 πραιποσίτοις,
838 2066 1045 2152 α’νθυπάτοις,
1060 2068 1238 2156 πατρικιλιις
1258 2069 1313 2136 καὶ
1326 2068 1392 2156 tp-

282 2170 459 2260 φικιαλιόις
479 2171 525 2245 εἰς
544 2166 647 2234 rinos
665 2167 755 2256 παρά
777 2174 838 2235 τοῦ
856 2172 1016 2253 βασιλέως
1041 2167 1230 2256 σταυράτζια
1251 2169 1429 2257 άρηυρείτο

281 2271 378 2360 τῇδὲ
400 2269 556 2355 ἐπαύριον
576 2266 697 2357 ήμέρρ,
729 2270 765 2334 δν
784 2261 807 2356 ᾖ
825 2267 883 2355 τήν
902 2265 1013 2356 ἑορτήν
1031 2268 1238 2352 διετελοῦμεν,
1267 2293 1386 2355 seposu-
1492 2322 1493 2351 ,

281 2372 414 2451 δέξεται
435 2366 453 2434 o‘
472 2365 627 2452 βασιλεδς
650 2365 731 2450 μετά
753 2363 978 2451 άλλαξιμάτιον
998 2364 1055 2433 tsi
1074 2371 1134 2433 τοῦΙ
1152 2368 1282 2449 ἐνδόξου
1303 2394 1383 2456 χρυ-
1492 2443 1493 2448 1

170 2542 171 2547 ,
282 2472 493 2557 οοτριιιλινου,
514 2471 570 2534 καί
588 2470 790 2555 παριστάντος
808 2472 867 2533 τοῦ
885 2471 1044 2551 μυστικοῦ
1062 2471 1296 2553 κουβουκλείου,
1318 2472 1380 2537 εἰσ·
1492 2461 1493 2468 ¹

284 2690 448 2749 convivante
472 2690 637 2764 Imperatori
661 2690 831 2763 patriarcha;
864 2691 1073 2777 invitanturque
1099 2690 1135 2743 ad
1158 2691 1277 2745 eundern
1299 2694 1376 2749 finem

283 2767 425 2835 magistri,
445 2766 613 2836 praepositi,
629 2766 758 2887 patricii,
775 2763 861 2818 ceteri
878 2761 1005 2817 homines
1023 2763 1181 2833 smperiales
1200 2770 1229 2816 et
1246 2771 1328 2817 metro

283 2836 351 2890 litae
365 2852 415 2907 pro
434 2838 541 2889 ratione
560 2835 627 2887 tabu
640 2852 681 2889 se.
718 2836 770 2888 Die
790 2834 938 2887 undecimo
957 2834 1027 2887 Maii
1051 2837 1194 2905 peragitur
1214 2835 1310 2887 natalis
1346 2854 1376 2887 n-

283 2908 329 2961 ius
348 2909 444 2971 Urbis,
473 2914 503 2960 et
519 2906 676 2959 admittitur
702 2904 841 2957 desimam
873 2922 923 2958 seu
941 2902 1023 2957 turba
1047 2906 1226 2957 salutantium
1243 2912 1272 2957 et
1287 2913 1373 2975 gratu·

283 2972 420 3042 lentium,
443 2977 549 3048 absque
568 2978 672 3029 saximo
690 2984 798 3045 tamcn3
825 2975 983 3030 celebratur
1000 2976 1085 3028 ctiam
1103 2983 1230 3046 equestre
1247 2984 1374 3029 certarnen

284 3050 454 3113 cursorium,
483 3048 623 3119 modoque
642 3045 787 3118 praedicto
806 3048 969 3101 convivium.
1004 3046 1058 3098 Die
1077 3054 1174 3099 octavo
1193 3045 1261 3097 Maii
1277 3046 1375 3117 perspi-

283 3126 332 3173 tur
360 3120 500 3189 processio
519 3118 670 3185 memoriqe
689 3118 715 3171 S.
735 3120 847 3170 Ioannis
865 3116 1002 3187 Theologi
1020 3118 1049 3169 in
1066 3116 1224 3178 hebdomo,
1251 3116 1373 3189 finitoque

284 3196 361 3243 s'acro
381 3188 478 3253 officio,
496 3192 689 3259 proponuntur
707 3186 802 3258 dapes,
821 3196 849 3241 et
869 3194 1054 3240 convocantur
1071 3188 1222 3241 secundum
1240 3186 1317 3239 ritum
1333 3204 1373 3241 sr-

281 3260 388 3314 rratorii
406 3276 501 3312 omnes
519 3277 569 3329 pro
591 3260 698 3313 ratione
718 3275 838 3319 mensae.
867 3259 921 3311 Die
937 3259 1069 3327 vigesimo
1088 3256 1153 3311 Iulii
1170 3257 1302 3327 peragitur
1317 3274 1372 3311 cum

284 3330 400 3385 solenne
420 3330 639 3400 supplicabunda
655 3333 833 3401 processione
848 3331 921 3382 intra
932 3330 1066 3399 palatium
1080 3330 1212 3381 memoria
1226 3328 1299 3380 Eiiae
1313 3345 1370 3399 pro·

282 3402 401 3475 phetae,
426 3410 456 3455 et
477 3418 527 3471 per
554 3418 613 3453 eam
634 3402 789 3455 celebratur
806 3401 938 3453 memoria
956 3399 1124 3453 dimissionis
1141 3399 1184 3468 pii
1202 3399 1309 3451 Domini
1324 3416 1369 3451 na·

284 3474 336 3527 stri
356 3468 470 3557 [Leonis
489 3468 639 3544 Sapientis]
663 3490 678 3525 e
697 3471 829 3525 custodia.
865 3471 957 3524 Pridie
982 3470 1059 3523 iilius
1085 3468 1142 3523 diei
1166 3478 1258 3523 autern
1278 3485 1320 3522 seu
1341 3470 1368 3523 in

283 3542 389 3615 vigiliis
414 3544 555 3665 peruqitur
580 3544 609 3593 in
638 3550 809 3597 antecessum
838 3542 864 3595 8.
885 3540 1003 3594 officium
1028 3544 1215 3610 vespertinum
1235 3542 1263 3592 in
1283 3540 1366 3604 Pharo,

284 3614 441 3669 eternitas
467 3631 481 3664 a
523 3613 652 3666 omnihus
677 3621 774 3666 cantus
797 3612 969 3665 absolutirua
994 3611 1118 3665 eiusdem
1141 3610 1276 3665 melodiae
1296 3619 1366 3682 atque

284 3680 412 3753 hymnus,
430 3684 479 3757 qui
497 3685 597 3754 incipit
615 3701 630 3734 a
650 3698 733 3737 voce:
762 3684 970 3754 συνταφέντες,
989 3684 1145 3755 danturque
1161 3684 1196 3736 ab
1215 3683 1365 3751 Imperatore

285 3767 321 3807 err
339 3763 451 3833 recepto
471 3758 525 3809 ritu
547 3755 692 3827 magistris,
711 3756 887 3828 praepositis,
905 3754 1133 3825 proconsulibus,
1150 3752 1272 3823 patriciis
1289 3759 1314 3804 et
1326 3752 1364 3805 oi·

285 3821 424 3881 fialalibus
442 3826 592 3881 cruciculae
611 3834 764 3895 argenteae.
800 3825 895 3880 Altero
920 3831 1012 3877 autem
1039 3822 1086 3877 die
1105 3831 1186 3895 post,
1206 3824 1256 3875 iilo
1272 3838 1364 3893 nempe,

285 3908 342 3971 quo
362 3898 451 3967 ipsum
470 3900 547 3951 Eliae
563 3898 663 3950 scstnm
682 3899 870 3959 celebramus,
888 3896 1198 3966 praesidetimperator
1216 3895 1247 3945 in
1262 3900 1363 3945 mutuo·

254 3991 258 4003 ·
284 3965 335 4019 tiis
356 3982 438 4039 super
455 3968 573 4039 glorioso
591 3968 812 4037 chrysotriclino,
828 3967 956 4021 adstante
976 3975 1082 4021 secreto
1100 3966 1238 4026 cubiculo,
1256 3962 1362 4017 introdu-

286 4042 440 4112 cunturque
458 4040 613 4115 praefectus
632 4040 738 4097 sacellii
757 4047 786 4095 et
802 4038 960 4099 xenodochi
978 4046 1007 4092 ct
1025 4038 1179 4109 gersonni,
1205 4042 1360 4109 apportantes
