3042 4825
253 197 312 304 84
459 215 731 293 cousrsu'mu
768 209 1136 286 commortuum

229 383 462 468 ῦπροεέρηται,
493 373 686 455 διασώζουσι
702 370 760 439 τὸν
789 375 926 457 βασιλέα
952 374 1050 459 μέχρι
1073 371 1134 436 τού
1151 370 1273 455 ταύρου
1291 368 1349 453 τῆς

253 481 415 563 πολιτικῆς
433 477 493 542 τού
511 478 629 560 μέρους
647 473 711 537 τῶν
732 473 884 536 Βενέτιον.
935 468 993 535 καί
1010 471 1161 553 δέχονται
1179 464 1233 532 τὸν
1252 471 1349 549 βασι-

255 581 313 646 λέα
334 581 369 644 έν
386 577 431 664 τῷ
459 573 568 662 ταύρῳ
601 576 657 636 καί
676 569 889 650 ύιασῶζουσιν
909 571 969 647 ἕως
986 570 1050 634 τῶν
1077 567 1273 654 άρτοπολάυν
1292 567 1349 650 τῆς

255 679 419 761 πολιτικῆς
437 676 496 739 τού
514 674 633 758 μέρους
652 671 717 738 τῶν
737 668 934 755 Πρασένοον,
967 669 1025 734 καί
1046 669 1195 752 δέχονται
1213 662 1268 730 τὸν
1287 669 1350 750 βα-

256 778 347 843 σιλέα
368 775 402 840 έν
422 775 465 862 τῷ
487 770 577 861 φύρῳ
596 774 661 834 τῶν
681 769 857 856 περατικῶν
877 770 1072 855 Πρασένοιν,
1102 767 1138 832 έν
1158 768 1202 854 roi
1221 763 1368 830 πλάκα-5

254 877 300 963 τῷ
319 876 377 940 τοῦ
396 874 504 956 μιλιόυ
533 873 591 955 τῆς
610 872 770 955 πολιτικῆς
788 871 908 956 μέρους
925 869 990 933 τῶν
1009 869 1204 954 Πρασένονν,
1238 863 1350 947 δέχον-

255 998 312 1042 ται
331 970 539 1056 τὸνβασιλέα
568 971 603 1035 έν
624 971 670 1059 τῷ
691 971 849 1058 ζεοξιλιπηι
879 969 943 1032 τῶν
961 968 1140 1053 περατικῶν
1157 964 1267 1049 μερῶν
1285 967 1351 1027 Βε-

254 1078 370 1153 νέτανν,
399 1073 545 1153 δέχονται
563 1065 622 1134 τὸν
641 1067 777 1152 βασιλέα
798 1068 890 1154 έντῆ
911 1068 1025 1155 χαλκῆ.
1074 1061 1129 1130 καὶ
1148 1062 1273 1136 εύθέοις
1292 1082 1351 1124 πε-

258 1171 405 1253 ζεύουσιν
426 1165 574 1249 άπαντες,
603 1169 659 1232 καί
676 1169 767 1249 μένει
787 1163 927 1252 ἔφιππος
945 1163 1043 1248 μόνος
1063 1159 1081 1228 ὅ
1101 1160 1263 1245 βασιλεύς·
1294 1156 1353 1224 κά·

258 1275 364 1336 κεῖθεν
386 1264 625 1353 ύηριγεοόμενος
645 1263 708 1332 sini
730 1265 873 1348 πάντων,
894 1264 939 1342 ῶς
958 1266 1161 1351 προείρηται,
1190 1261 1395 1345 διέρχεταιιο

260 1367 314 1434 διά
341 1369 403 1433 τῶν
422 1367 573 1452 κορτένων
601 1368 700 1452 μέχρι
726 1368 783 1450 τῆς
802 1363 894 1431 ἔνδον
912 1363 1051 1449 μεγάλης
1075 1362 1177 1446 πύλης
1197 1361 1260 1425 τῶν
1280 1357 1353 1422 έκσ-

261 1469 434 1548 κουβάαιν,
462 1466 497 1530 έν
515 1457 538 1551 ᾗ
557 1465 679 1548 γίνεται
698 1459 719 1549 ἦ
739 1466 803 1529 τῶν
822 1463 995 1550 σκριβύνων
1025 1457 1182 1547 προβολῆ,
1214 1454 1271 1522 καὶ
1296 1477 1354 1520 πε-

237 1561 350 1644 Βζεύει
378 1565 478 1628 ἐκεῖσε
508 1561 564 1627 καί
590 1564 750 1650 διέρχεται
770 1561 825 1627 διά
846 1564 911 1627 τῶν
938 1557 1150 1643 ε’κσκουβιτων
1174 1556 1354 1642 ἔμπροσθεν

260 1664 324 1727 τῶν
341 1663 439 1747 τριῶν
459 1663 568 1726 πυλῶν
587 1664 645 1726 τού
666 1664 912 1745 κονσισταρίου,
941 1659 1076 1743 μένουσι
1097 1660 1134 1723 δέ
1151 1659 1221 1722 ἐκεῖ
1241 1654 1271 1720 oi
1296 1656 1353 1740 τῆς

260 1758 431 1846 συγκλήτου
450 1759 702 1845 ύιιερευχύμενοι
720 1757 937 1842 τὸνβασιλέα,
959 1761 1017 1824 καί
1028 1759 1207 1844 εἰσέρχεται
1222 1754 1240 1819 ὅ
1256 1751 1394 1837 βασι-ιδ

260 1859 335 1936 λεύς
356 1859 412 1944 τῆν
423 1862 524 1943 μέσην
544 1857 645 1943 πύλην
658 1856 716 1942 τῆν
731 1855 924 1941 εἰσάγουσαν
939 1857 1016 1944 πρὸς
1033 1855 1093 1942 τῆν
1111 1853 1278 1939 ἐκκλησίαν
1294 1856 1354 1920 rori

260 1957 405 2044 Κορέου,
431 1960 564 2039 μένουσι
585 1959 620 2021 δέ
634 1958 733 2022 ἐκεῖσε
751 1954 781 2021 οἱ
807 1958 967 2042 πατρίκιοι
985 1954 1041 2022 καί
1062 1956 1231 2041 στρατηγοὶ
1250 1951 1349 2040 άπερ-

260 2055 426 2140 εοχόμενσι
447 2054 501 2120 κατ’
520 2055 613 2120 ositos*
630 2053 682 2122 τὸν
709 2057 854 2138 βασιλέα
896 2059 954 2120 καί
971 2052 1169 2132 εἰσελθόντος
1187 2057 1246 2119 τού
1259 2058 1354 2136 βασι-

261 2155 341 2231 λέως
361 2155 406 2230 εἷς
425 2152 484 2240 τῆν
502 2157 625 2239 χαλκῆν
653 2151 756 2239 πύλην
786 2156 843 2218 τοῦ
872 2153 1020 2240 Κορέου,
1052 2153 1208 2219 κλείουσιν
1233 2147 1354 2226 eustoc

261 2252 322 2331 τάς
341 2252 444 2339 θύρας
465 2252 495 2319 οἱ
515 2258 573 2318 τοῦ
603 2254 825 2337 κοοβουκλεέου
854 2252 911 2318 καί
936 2251 1165 2338 ύιιερεύχονται
1182 2249 1239 2317 τάν
1257 2257 1393 2334 βασι-το

263 2355 340 2436 λέα,
370 2355 425 2419 κατ’
445 2349 596 2435 λαβόντος
615 2356 675 2419 τοῦ
696 2353 907 2440 πραιποσέτου
926 2349 983 2438 τῆν
1002 2349 1080 2435 τόγα
1100 2349 1161 2415 άπὸ
1179 2352 1234 2435 τῆς
1253 2372 1353 2436 κεφα-

262 2456 319 2538 λῆς
338 2454 394 2517 τού
413 2456 579 2535 βασιλέως,
601 2456 781 2538 εἰσέρχεται
803 2448 820 2515 ά
843 2450 996 2535 βασιλεύς
1015 2454 1071 2516 soi
1090 2454 1213 2517 iuraras
1233 2445 1353 2535 ἔμπρο-

126 2571 251 2629 ntum
262 2556 341 2621 σθεν
358 2552 422 2617 τῶν
441 2550 540 2636 άγύιον
560 2554 694 2638 θυρῶν,
723 2548 779 2615 καί
802 2544 893 2634 άψας
920 2548 1054 2637 κηρούς,
1086 2542 1214 2631 εὔχεται
1243 2550 1354 2630 έκεῖσε,

263 2653 319 2716 καί
345 2646 517 2732 εύξάμενος
548 2650 709 2733 διέρχεται
738 2645 792 2713 διά
822 2651 886 2713 τῶν
906 2649 1101 2732 διαβατικῶν
1128 2651 1187 2714 τού
1226 2649 1354 2731 Κορέου

264 2746 320 2815 seui
334 2751 515 2837 ,εἰσέρχεται
535 2749 570 2813 ἐν
590 2750 635 2837 τῷ
654 2748 829 2838 ῆμικυκλιῆο
849 2749 910 2813 τού
929 2746 1120 2835 τρικύγχου,
1150 2743 1206 2813 καὶ
1219 2742 1396 2817 eutonius

336 2884 361 2937 5·
379 2880 480 2950 πλύκην
499 2880 537 2950 τῷ
557 2880 599 2933 eri
658 2882 697 2935 ιθ
715 2879 812 2947 πύλην
825 2878 1005 2951 εἰσάγουσαν
1018 2879 1062 2934 ed.

268 3020 327 3058 rum
345 3004 438 3065 tactio,
459 3018 520 3055 eum
539 3002 674 3073 perducit.
694 3002 768 3055 tinec
787 3004 984 3073 Imperatorem
1002 3004 1033 3054 in
1054 3010 1131 3055 touro
1151 3002 1255 3071 excipit
1274 3009 1303 3054 et
1319 3000 1355 3054 sd

267 3074 395 3128 tebernur
415 3076 564 3144 pistorum,
592 3074 642 3126 ubi
661 3073 781 3143 politico,
802 3076 888 3126 factio
914 3074 1085 3127 prasinorum
1113 3072 1207 3134 adest,
1232 3071 1354 3135 deducit,

268 3160 339 3215 quse
358 3160 420 3195 eum
447 3146 478 3197 in
497 3146 556 3197 foro
577 3145 750 3196 transitoriae
778 3145 907 3196 factionis
932 3143 1072 3205 Pessime,
1098 3145 1126 3195 in
1152 3144 1355 3195 substructione

267 3216 339 3267 milii
356 3214 484 3284 politicae
500 3213 627 3265 tirctiouis
648 3215 774 3267 Prociuse
788 3216 899 3285 excipit,
933 3215 965 3264 ln
982 3216 1118 3285 zeusippo
1144 3230 1206 3267 cum
1224 3214 1355 3266 transito-

268 3286 308 3337 ris
334 3284 500 3336 Venetorum
515 3285 614 3348 factio,
632 3284 734 3337 deinde
754 3287 785 3336 iu
800 3284 910 3348 chalce,
929 3286 1039 3353 excipit.
1076 3285 1142 3337 Mox
1158 3300 1253 3335 omues
1272 3283 1356 3353 pedi-

267 3354 320 3407 bus
347 3352 496 3417 incedunt,
525 3353 599 3405 solur
619 3356 769 3424 imperotor
793 3372 865 3427 equo
883 3355 1007 3420 vehitur,
1034 3361 1063 3406 et
1080 3356 1146 3407 inde
1172 3354 1208 3405 ob
1228 3354 1355 3405 omuibus

269 3426 385 3495 stipatus
408 3430 440 3476 ut
466 3423 570 3477 dictum
591 3432 645 3489 est,
672 3441 723 3495 per
737 3426 856 3477 cortinas
879 3444 967 3498 usque
992 3426 1028 3478 nd
1046 3426 1206 3477 interiorem
1229 3440 1356 3493 snsgnsm

269 3504 375 3567 portum
402 3494 611 3557 excubitorum,
633 3495 684 3548 ubi
711 3495 861 3548 scribarum
887 3498 1025 3566 promotio
1047 3497 1219 3558 instituitur,
1247 3496 1356 3556 transit,

271 3583 343 3637 equo
371 3564 514 3619 descendit
536 3581 640 3637 perque
655 3566 785 3619 excubias
805 3576 869 3619 unte
887 3574 942 3619 tres
968 3568 1123 3619 consistorii
1140 3573 1233 3637 portos
1260 3564 1356 3634 ‹lispo-

270 3638 336 3689 situs
373 3635 450 3697 ubit,
477 3635 525 3687 ubi
551 3645 690 3690 senatores
713 3638 805 3691 fausta
834 3638 994 3707 imperatori
1016 3644 1157 3709 preeuntes
1184 3635 1355 3689 subsistunt:

269 3708 293 3760 is
310 3723 374 3758 uero
392 3704 508 3757 mediam
529 3715 637 3775 portem
661 3704 696 3758 nd
724 3709 857 3780 temptum
879 3709 992 3760 Domini
1022 3707 1168 3761 ducentem
1193 3706 1356 3778 ingreditur,

269 3777 319 3830 ubi
335 3778 445 3847 patricii
463 3784 492 3829 ct
518 3778 646 3847 strategi,
672 3776 769 3847 quiet
798 3779 850 3848 ipsi
870 3778 961 3829 fausto
989 3780 1149 3863 Inperstori
1167 3786 1357 3851 apprccnntur,

270 3847 378 3901 adsunt
416 3845 479 3916 Quo
505 3862 617 3899 neueuru
636 3854 742 3915 portum
773 3847 870 3918 templi
893 3850 1008 3901 Domini
1032 3864 1168 3919 ingresso,
1192 3848 1358 3901 cubicularii

270 3920 366 3971 tenuas
392 3918 483 3969 rtatim
515 3916 648 3969 claudunt
684 3924 713 3968 et
739 3918 901 3990 imperotori
927 3920 1094 3982 acclamant,
1127 3920 1176 3990 qui
1211 3927 1359 3990 postquem

268 3986 442 4061 praeponitur
470 3994 559 4056 togam
595 4003 643 4038 seu
672 3988 772 4039 tiorum
802 3988 928 4059 scopite
954 3991 1013 4042 eius
1040 3988 1158 4052 demit,
1195 3990 1298 4051 intrat,
1323 3984 1359 4038 sd

270 4068 376 4111 sanctes
395 4058 489 4110 ianuas
508 4056 633 4109 subsistit
659 4064 687 4109 ct
712 4067 848 4127 precetur.
884 4058 949 4129 Quo
965 4060 1097 4125 iuctoper
1114 4057 1359 4129 porticumtemptt

268 4128 322 4183 Dei
345 4128 525 4198 hemicyclum
551 4126 698 4182 triconcirii
722 4146 828 4201 perque
851 4130 990 4201 porticum
1007 4127 1187 4201 qnadraginta
1202 4136 1360 4181 sanctorum
