3042 4825
286 172 732 250 numennumen
751 175 925 244 nrzsun.
949 177 992 242 n.
1011 177 1065 248 ει.
1134 146 1219 262 703

128 338 228 424 τέραν
253 329 418 421 άμάθειαν
436 337 495 421 τῆς
525 332 679 420 ἐκριβοάς
696 329 821 400 τούτων
839 327 1050 417 καταλήψεως
1066 325 1125 418 τήν
1144 351 1223 414 σογ-

127 435 260 525 γραφήν
285 433 505 526 ἐξητήσαοθε,
533 429 610 501 ὅσον
641 435 686 525 τῷ
716 434 762 521 spi
789 432 940 518 ἀμυδράς
969 431 1005 496 ἐκ
1030 431 1094 495 τάν
1113 427 1224 517 πράην

5 525 15 576 3
127 538 316 620 ἐγκειμένων
360 533 417 601 καί
441 537 508 601 νῦν·
528 535 753 623 πραττομένων
782 535 964 619 περιλαβεῖν
1000 521 1222 615 ἠδυνήθημεν,

6 625 14 674 ⁵
127 637 168 722 τῇ
188 634 325 726 άμπέρρ
344 632 437 724 φιλίη
456 634 642 720 περιφανῶς
669 633 873 714 ἐκτιθέμεθα.
912 629 1032 696 εἰδέναι
1058 625 1120 714 γάρ
1142 627 1226 710 ἐμοῖς

5 719 14 766 1
106 732 334 818 ὄβουλάμεθα,
364 727 390 800 οδ
418 731 528 822 φίλοι,
558 727 607 798 δτι
638 733 728 797 πάσα
756 733 816 814 μὲν
835 731 955 814 τεχνῶν
974 729 1129 814 ἐπιστήμη
1148 726 1277 815 sepiem
1285 745 1371 820 1,.407

5 817 11 863 ⁸·
129 855 166 897 τι
197 826 372 920 εάχρηοτον
392 837 482 910 τέλος
508 833 571 898 τῶν
602 833 638 897 ἐν
663 831 710 920 τῷ
739 831 800 920 βίην
824 830 1021 914 συνέστηκεν.
1060 827 1139 914 ἡδὲ
1158 829 1224 893 τάν

7 951 14 961 ·
130 935 324 1018 οίρτικλινοέν
357 928 516 1017 ἐπιστήμη
544 933 581 997 ἐν
608 927 716 995 οὐδενί
742 921 829 1018 άλλη)
848 925 885 994 τὸ
910 921 1086 1014 εὔχρηστον
1106 929 1232 992 δείκνυ-

5 1009 13 1058 i
130 1051 205 1114 σιν,
237 1030 310 1096 ἀλλ’
330 1024 352 1117 ἢ
371 1031 407 1096 ἐν
432 1034 477 1120 τῷ
495 1029 585 1109 τάξει
609 1029 666 1094 καί
680 1028 835 1094 συστάσει
862 1027 918 1092 καί
938 1019 1068 1113 οἷκριβεϊ
1084 1027 1231 1092 διαθέσει

20 1179 29 1196 ,
128 1127 191 1207 τάς
207 1133 271 1196 cois
291 1123 482 1212 άξιωμάτων
502 1125 662 1216 διαφοράς
682 1128 889 1194 διαστέλλειν.
909 1124 966 1192 καί
984 1122 1046 1212 γάρ
1067 1127 1155 1191 πάσα
1173 1148 1231 1189 πε·

6 1297 8 1307 ,
89 1228 287 1318 ιοριφάνεια
312 1232 394 1313 ’βίον
423 1221 446 1315 ή
473 1225 599 1308 ἔνδοξος
628 1227 819 1311 ἀξιωμάτων
849 1221 924 1307 άξίοι
950 1229 985 1292 ἐν
1019 1219 1127 1290 odessi
1144 1217 1231 1314 άλλφ

7 1368 11 1378 ·
128 1337 197 1404 τοῖς
217 1327 338 1416 δράσιν
365 1326 581 1410 ἐνδείκνυται,
609 1327 679 1392 ἀλλ’
698 1320 721 1412 ἢ
741 1327 776 1393 ἐν
797 1350 835 1413 τη
868 1323 976 1410 κλήσει
995 1325 1051 1409 τῆς
1070 1329 1231 1410 seposuis-

5 1476 9 1504 ,
129 1425 225 1514 δρίος
243 1429 300 1512 τῆς
319 1427 355 1493 ἐν
375 1429 416 1515 τῇ
435 1428 570 1516 λαμπρᾷ
588 1428 730 1513 τραπέζῃ
753 1427 810 1490 καί
836 1421 1041 1512 περιποθήτω
1061 1420 1257 1490 assensui-B

6 1567 10 1604 η
128 1547 182 1591 σει
202 1527 268 1592 τάν
297 1525 493 1614 σοφωτάτων
512 1526 606 1611 ήμῶν
624 1526 795 1609 βασιλέοιν.
831 1528 863 1590 si
880 1526 917 1590 δέ
937 1547 986 1600 τις
1005 1523 1041 1587 ἐκ
1059 1523 1117 1608 τῆς
1137 1521 1229 1606 ἡμῶν

6 1670 9 1705 ,
129 1619 324 1712 άπροσεξίας
343 1621 524 1712 ἐπισφαλής
551 1625 761 1710 προσγένηται
793 1620 949 1707 σύγχυσις
967 1631 1035 1700 τοῖς
1053 1627 1229 1705 βασιλικοῖς

5 1770 9 1803 2
90 1726 334 1811 ιόκλητωρίοις,
363 1722 402 1790 σά
420 1722 520 1806 μόνον
536 1721 596 1800 τάς
615 1724 681 1789 τάν
700 1725 876 1807 βασιλικῶν
902 1718 1090 1806 ἀξιωμάτων
1112 1717 1231 1807 άρετάς

128 1832 334 1909 καταριπτεϊ,
370 1817 454 1888 άλλά
484 1825 542 1888 καί
563 1821 649 1909 ήμᾶς
678 1817 798 1899 αιἰτοδς
831 1821 1084 1906 καταγελάστους
1111 1817 1167 1885 καί
1193 1819 1234 1884 d-

128 1920 261 2007 χρείοος
286 1923 343 2006 τῆς
363 1925 527 1999 διακονίας
546 1925 751 2007 παρίστησιν.
792 1917 843 1988 διδ
858 1913 943 2004 οὖν,
978 1921 1151 2006 άγαπητοί,
1182 1922 1238 1984 δελ·

129 2023 218 2108 ήμάς
244 2023 280 2086 ἐν
309 2021 350 2108 τῇ
376 2019 506 2107 τοιαύτη
536 2017 696 2104 λαχόντας
735 2017 898 2098 διακονίας
927 2023 1072 2107 προσοχῇ
1096 2021 1259 2104 μελέτηςῦ

130 2122 188 2186 καί
212 2116 390 2204 ἐπιστήμης
413 2117 472 2194 τάς
503 2119 568 2183 τῶν
594 2117 784 2200 ἀξιωμάτων
815 2117 1040 2205 κυριοκλησίας
1060 2119 1094 2184 ἐν
1112 2123 1156 2206 τῷ
1178 2123 1282 2192 οἰ-Μι.
1291 2133 1379 2207 2341,

6 2272 7 2275 ,
87 2222 204 2308 noses'tp
223 2218 287 2283 ναῒ
308 2214 535 2304 περιγράφειν,
562 2215 619 2281 καί
636 2212 701 2282 εἶθ’
719 2215 823 2294 οὕτως
841 2215 900 2295 τάς
928 2217 1037 2284 αὐτοῖν
1058 2220 1233 2304 διαιρέσεις
1382 2232 1384 2240 ⁴

131 2317 189 2384 καί
206 2317 444 2404 άποδιαιρέσεις
473 2315 531 2382 καί
548 2315 693 2404 άκριβεῖς
714 2312 884 2395 συστάσεις
904 2319 1060 2403 ἐκφανεῖν
1077 2317 1134 2381 καί
1151 2316 1235 2383 ἐκτί-

200 2446 226 2500 η.
244 2436 275 2484 et
293 2446 333 2482 ιο.
345 2425 416 2481 ἄλλο
428 2425 490 2482 cod.
508 2434 539 2480 et
555 2411 609 2480 ειλ.Ι
711 2444 739 2497 9.
757 2423 903 2479 dsucss‘ies
920 2425 980 2477 cod
999 2434 1030 2480 et
1046 2424 1090 2479 ed.

129 2548 177 2594 tnr
195 2537 232 2593 sb
248 2540 279 2591 in
298 2539 362 2591 enio
378 2546 474 2591 nostro
492 2536 556 2591 sudi
574 2532 700 2609 quemvis
719 2542 748 2589 et
765 2554 863 2607 perum
883 2537 1034 2590 exercitate
1052 2536 1232 2609 scriptionem

129 2610 198 2663 huic
214 2610 254 2662 rei
273 2609 374 2661 scrius
390 2607 590 2677 intelligendae
608 2608 707 2661 utilem
717 2608 878 2678 tisgitsstis‚
895 2607 1033 2660 voluimus
1044 2606 1099 2661 hoc
1110 2624 1232 2677 opuscu-

129 2681 160 2734 lo
178 2688 359 2752 quantusue:
376 2678 500 2731 obscuris
518 2679 640 2747 vestigiis
653 2687 776 2731 veterum
783 2675 963 2733 traditionum
973 2677 1075 2731 litteris
1088 2682 1233 2751 consigne-

129 2760 220 2805 tsrnm
239 2757 267 2802 et
283 2749 480 2803 hodiernerum
498 2748 730 2801 consuetudinum
749 2750 858 2820 assequi
876 2751 1037 2819 potuimus,
1057 2756 1165 2803 vestrae
1183 2766 1231 2802 cs-

129 2822 210 2876 ritsti
227 2834 373 2890 exponere.
408 2822 442 2873 ln
461 2814 620 2871 universum
639 2819 669 2871 id
686 2819 800 2873 scobis
818 2822 908 2873 teneri
925 2820 1026 2883 veiim,
1051 2827 1083 2872 ut
1106 2820 1229 2876 omnium

130 2892 232 2945 setium
252 2890 372 2973 cognitio
396 2888 432 2941 sd
458 2890 542 2942 tinem
559 2890 682 2959 sliqnem
701 2906 767 2942 usus
786 2891 829 2941 sui
848 2891 878 2943 in
897 2891 1073 2961 quotidianus
1090 2889 1229 2947 humanae

129 2963 205 3016 ritse
221 2978 265 3015 res
281 2960 469 3030 implicantem
486 2957 595 3022 tendit,
621 2960 662 3011 its
685 2976 798 3031 quoque
825 2960 1013 3015 urticlinornm
1033 2964 1175 3015 scientiam
1195 2966 1230 3016 ti·

128 3049 194 3085 nem
212 3030 316 3086 habere
331 3039 425 3094 suom,
442 3037 471 3081 et
488 3029 520 3080 in
537 3046 570 3081 eo
587 3032 706 3082 maxime
723 3030 768 3081 sni
786 3030 851 3085 dare
871 3048 950 3084 usum
967 3040 1052 3103 stque
1065 3034 1230 3103 exemplum,

171 3101 208 3153 od
224 3102 400 3155 accuratione
424 3101 519 3153 stricte
543 3098 691 3168 dignitates
715 3102 796 3153 sulse
816 3103 936 3156 diversus
954 3120 1004 3157 suo
1023 3120 1163 3175 quemque
1181 3120 1228 3156 os·-

131 3120 214 3237 dine,
232 3186 347 3242 corpore
365 3179 394 3222 et
411 3170 472 3223 ioco
491 3170 629 3239 dispescit
647 3171 767 3225 Illustris
786 3174 874 3225 omnis
892 3173 949 3225 vite
969 3191 1125 3246 munusque
1144 3190 1227 3228 omne

131 3243 235 3314 gloriae
253 3244 368 3312 plenum
385 3240 415 3293 in
431 3241 509 3294 nulls
528 3256 557 3292 re
580 3258 610 3295 se
627 3242 714 3310 msgis
732 3243 884 3313 spectabile
901 3242 1091 3313 spectantibus
1112 3244 1229 3299 exhibet

130 3315 271 3385 magisque
291 3312 357 3365 feris
372 3311 483 3377 oculos,
500 3328 583 3385 quem
603 3311 627 3363 si
644 3311 757 3382 publice
773 3328 840 3365 voce
859 3312 1025 3385 praeoedere
1041 3324 1071 3366 et
1086 3318 1229 3386 praeside-

130 3401 162 3439 re
181 3384 264 3438 elteri
282 3383 409 3437 inferiori
425 3384 500 3453 spnd
518 3382 694 3454 splendidam
705 3382 829 3436 tabulam
845 3386 996 3457 epulasque
1009 3386 1127 3438 multum
1143 3404 1230 3457 esspe-

130 3456 197 3508 tites
215 3454 481 3528 sapientissimorum
499 3462 655 3507 nostrorum
666 3455 867 3524 inpereturum
878 3454 1000 3510 iubetur.
1037 3456 1066 3510 Si
1082 3458 1150 3529 quid
1164 3474 1228 3527 ergo

131 3527 162 3579 in
179 3524 301 3597 augustis
319 3526 453 3578 conviviis
470 3542 520 3595 pes·
531 3532 653 3597 nostram
665 3525 805 3596 quandum
819 3527 953 3578 incuriam
972 3534 1001 3579 et
1011 3527 1229 3596 imprudentiam

130 3596 516 3717 obturbcturpecceturpum
539 3612 572 3649 eo
590 3613 648 3648 non
663 3602 771 3648 tantum
790 3598 985 3668 proculcantur
1005 3598 1161 3650 officiorum
1179 3616 1229 3652 cu·

130 3669 243 3721 rialium
258 3670 391 3732 virtutes,
417 3683 447 3719 se
484 3674 514 3719 ct
530 3665 583 3737 ipsi
605 3666 737 3719 ridiculos
755 3684 807 3721 nos
826 3676 855 3721 et
875 3670 987 3791 ineptos
1004 3663 1159 3723 ministerio
1179 3684 1228 3722 ex·

130 3736 268 3792 hibemns.
310 3738 502 3823 Quapropter,
529 3738 625 3801 amici,
649 3747 760 3807 oportet
784 3756 851 3803 nos,
874 3738 904 3790 in
942 3754 993 3803 oc,
1026 3739 1103 3810 quod
1132 3746 1229 3792 nostre

131 3817 206 3862 sorte
224 3807 306 3862 nobis
329 3809 456 3881 contigit,
487 3809 651 3861 constitutos
673 3816 751 3862 tento
775 3809 948 3873 ministerio,
971 3809 1091 3879 primum
1114 3810 1228 3881 quidem

131 3885 239 3931 cttents
257 3896 321 3931 curs
347 3880 499 3934 secundum
520 3880 587 3932 ertis
606 3881 680 3947 leges
703 3880 797 3932 animo
809 3882 933 3951 proprias
946 3878 1111 3948 dignitatum
1126 3881 1228 3949 eppei-

131 3948 251 4002 lstiones
269 3952 414 4019 concipere
437 3959 522 4024 atque
550 3952 736 4014 conformare,
763 3958 824 4003 tum
840 3966 905 4004 vero
924 3948 1090 4020 dignitatum
1110 3949 1229 4004 divisio-

130 4034 183 4074 nes
200 4020 317 4074 msiores
335 4021 510 4092 minoresque
529 4030 558 4076 et
579 4038 657 4076 τοττι
674 4022 796 4074 rationes
814 4022 959 4075 enuntiare
977 4028 1063 4093 etque
1080 4035 1227 4090 exponere.

132 4090 270 4167 touque·
288 4095 382 4147 sutem
399 4110 485 4166 quum
501 4092 702 4151 decreverimus
725 4092 872 4163 omittere,
898 4106 957 4149 non
980 4090 1096 4166 quidem
1118 4106 1229 4159 omnes,
