3042 4825
282 114 367 230 780
496 141 771 212 consumunt
802 147 1169 216 uonrrrrnouenm

280 302 316 365 dl
338 297 395 364 καί
413 298 576 384 ἐξάγονται
598 293 708 376 οὕτως·
753 299 864 385 οἱμὲν
877 301 1062 388 μάγιστροι,
1082 303 1322 391 πραιπάσιτοι,
1352 332 1442 370 πα-

279 401 415 482 τρίκιοι,
438 395 645 486 δφφικιάλιοι
665 404 723 466 καί
751 401 866 467 oisiaci
889 402 1070 487 καμπάγιον
1088 406 1202 480 πάντες
1219 403 1321 486 μετά
1349 410 1437 470 τότ

281 499 406 564 οἰκείων
436 499 677 582 άλλαξιμάτωνι
721 497 752 566 oi
781 504 817 568 δὲ
837 504 947 568 λοιποί
964 503 1127 587 βασιλικοί
1144 503 1230 586 μετά
1251 507 1341 571 τῶν
1371 507 1434 570 οἰ-

278 597 372 662 κείων
391 602 640 686 σκαραμαγγιῖον
660 603 716 667 καί
729 599 838 684 μόνον.
879 604 915 668 ἐν
936 605 973 669 δὲ
989 606 1027 690 τῇ
1048 603 1134 693 αὐτῇ
1152 602 1262 694 ἧμίρρ
1289 606 1430 687 δειὶης

129 695 459 786 Μιι5γλιάιιὲρχεται
480 698 498 765 ὅ
520 698 675 783 βασιλεῦς
696 703 743 783 εἷς
760 699 817 768 τὸν
830 700 911 768 ναδν
928 705 988 769 τοῦ
1005 701 1098 788 άγίου
1112 702 1327 789 Διομήδους,
1353 704 1446 772 sm&

277 801 319 889 τῇ
339 797 496 886 ἐπαύριον
522 803 715 886 τελουμένης
733 804 791 886 τῆς
811 804 1026 889 λειτουργίας,
1055 807 1244 889 nemetiam
1264 803 1425 889 κλητοί-

277 921 349 987 ριον
369 897 449 965 κατά
471 901 588 981 τάπον,
617 902 674 989 καί
701 905 911 968 συνεσθιουσι
938 905 984 990 τῷ
1003 907 1136 985 βασιλεῖ
1157 899 1281 984 ὁμοίως
1307 902 1349 966 οἱ
1376 907 1423 968 ὰ

276 1001 333 1086 τῆς
361 995 536 1086 συγκλήτου
565 997 691 1077 πάντες.
731 1005 774 1089 τῇ
794 1003 831 1067 δὲ
857 1001 906 1068 κδ’
938 1003 997 1068 τοῦ
1025 1003 1127 1068 αδτοῦ
1152 999 1252 1088 μηνδς
1283 999 1419 1093 ἡμέρᾳ

276 1100 492 1185 institeris?
513 1098 702 1185 perjuranti
723 1099 816 1186 άγίου
839 1105 897 1167 καί
922 1100 1103 1189 σ’ρθοδόξου
1121 1103 1263 1187 μεγάλου
1294 1108 1416 1185 βασι-

251 1203 361 1277 Βλὲεος
381 1195 473 1286 ἡμῶν
492 1205 685 1292 Βασιλείογ,
720 1204 778 1268 καί
797 1204 1011 1290 προέρχονται
1036 1201 1116 1285 μετά
1136 1204 1453 1287 σκαραμαγγίωνιο

275 1301 312 1367 ἐν
330 1303 376 1392 τῷ
396 1305 463 1390 aopi
481 1303 544 1366 τῶν
564 1298 663 1386 άγίιον
685 1299 871 1370 α’ποοτάλιον
892 1299 923 1367 οἱ
942 1307 1089 1385 βασιλεῖς
1110 1301 1313 1387 ἔμπράττας,
1341 1304 1412 1367 καί
1491 1290 1493 1399 l

274 1403 462 1486 τελουμένης
481 1401 538 1485 τῆς
558 1397 650 1488 ἱεροῖς
670 1405 887 1488 λειτουργίαις,
920 1400 1177 1487 άποστρίφουοιν
1196 1397 1325 1481 ὅμοίως
1347 1397 1406 1464 οἴ·

276 1501 353 1564 arado
372 1498 457 1582 μετά
479 1501 583 1584 δόξης,
605 1504 662 1566 καί
674 1504 861 1588 teporalium
883 1498 1061 1587 κλητάριον
1080 1502 1117 1566 ἒν
1135 1503 1181 1589 sagi
1199 1500 1404 1565 Ἰουοτινια-

274 1601 333 1665 νοῦ
353 1602 521 1688 τρικλίνῳ,
548 1601 605 1664 καί
625 1602 680 1665 δεῖ
696 1595 786 1685 ἡμᾶς
807 1601 1006 1687 εὖτρεπίςειν
1024 1601 1071 1677 εἰς
1089 1602 1295 1666 συνεοτιασιν
1318 1609 1397 1675 τοῖς

274 1699 444 1783 βασιλεῦσι
472 1701 588 1786 φιλους
609 1692 672 1764 ini
694 1702 751 1784 τῆς
769 1697 888 1780 τάξεως
906 1702 970 1767 τῶν,
988 1701 1189 1784 μαγίστρυν,
1216 1700 1435 1782 ratum-15

274 1801 429 1885 κληιικοῖν
448 1801 626 1881 βασιλικῶν
662 1792 865 1886 ἀνθρώπων,
895 1797 976 1865 κατά
1004 1796 1042 1864 τά
1065 1798 1165 1865 ποσδν
1191 1802 1251 1884 τῆς
1265 1801 1395 1884 τραπέ-

275 1899 349 1984 ζης·
392 1897 531 1982 εἰσάγειν
551 1901 588 1964 δὲ
608 1896 730 1975 adrosis
750 1903 805 1964 καί
826 1896 952 1983 ἐξάγειν
971 1895 1055 1982 μετά
1077 1901 1144 1964 τάν
1163 1897 1287 1964 οἶκεάπκ
1306 1923 1392 1964 σκο-

274 1999 461 2085 ραμυγγάον
481 1999 538 2062 καί
582 1997 680 2081 μόνον
717 1996 774 2064 διά
802 1995 840 2064 τά
863 1997 921 2063 καί
945 1997 1020 2074 τοὺς
1038 2001 1183 2089 βασιλεῖς
1201 2001 1238 2064 ἐν
1254 2022 1299 2086 rap
1318 2020 1388 2062 τοι·

274 2100 356 2187 ούιιρ
388 2094 532 2182 σχήματι
561 2097 780 2182 άκονμβίζειν.
820 2100 919 2186 τῇδὲ
946 2097 1102 2185 ἓπαάριον
1129 2098 1302 2162 ἐντελεῖται
1323 2093 1382 2160 διά

242 2201 404 2278 Βδεξίμου
432 2195 453 2284 ἦ
482 2198 516 2262 ἐν
537 2199 673 2288 Χριστῷ
694 2198 939 2284 αδτοκροτιορίοι
959 2200 1021 2264 τῶν
1051 2199 1171 2262 πιοτάν
1198 2200 1423 2279 donatiuum

208 2353 211 2360 .
273 2300 416 2372 Λέοντος
435 2295 494 2360 καί
505 2292 730 2385 Ἀλεξάνδρου,
751 2297 809 2362 καί
822 2299 1014 2378 τελουμένου
1035 2297 1147 2372 αἰσίως
1165 2297 1223 2362 τοῦ
1243 2296 1379 2379 δεξιμου,
1491 2364 1492 2418 η

274 2397 532 2485 προκαθέζυνται
560 2395 656 2463 πάλιν
681 2393 712 2463 οἱ
733 2391 876 2481 εὗσεβεῖς
904 2394 1058 2463 δεσπόται
1076 2398 1123 2473 είς
1150 2397 1276 2463 πολλάν
1295 2391 1380 2463 ‹inl-

275 2503 375 2585 ληψιν
395 2495 451 2565 εἰιί
476 2498 535 2563 τοῦ
561 2493 683 2585 θρόνου
695 2546 706 2583 ,
734 2498 791 2563 καί
816 2490 918 2574 addar
940 2504 1119 2580 στοιχεῖται
1145 2494 1182 2562 τὸ
1211 2496 1378 2582 κληιάριον
1491 2447 1492 2530 l

278 2702 374 2773 gistri,
392 2702 562 2772 praepositi,
579 2702 708 2771 patricii,
727 2698 861 2754 officiales
881 2699 978 2770 etqui
996 2700 1138 2771 campagis
1156 2708 1256 2771 gernot
1268 2716 1374 2764 omues,

279 2776 311 2827 in
336 2772 393 2823 suis
420 2772 596 2839 msrtutoriis;
628 2772 730 2845 reliqui
753 2770 865 2823 basilici
893 2777 1003 2823 tantum
1035 2771 1065 2822 in
1094 2771 1151 2822 suia
1180 2774 1373 2843 soaramangiis.

278 2842 410 2897 Eiusdem
429 2844 518 2913 ipsius
537 2840 594 2895 diei
608 2860 722 2913 vespera
743 2842 805 2917 [seu
824 2840 901 2895 horis
919 2839 1131 2915 pomeridianis]
1152 2841 1213 2894 abit
1231 2845 1375 2913 Imperator

281 2914 312 2969 in
334 2914 468 2983 templum
486 2914 513 2966 S.
534 2914 692 2980 Diomedis;
722 2924 752 2967 et
770 2914 858 2966 altero
876 2912 922 2965 die
940 2920 1021 2981 post,
1044 2921 1157 2982 peracto
1175 2929 1252 2964 sacro
1269 2914 1372 2976 ollieio,

279 2992 474 3055 proponuntur
500 2984 584 3054 dapes
614 3002 691 3039 more
724 2991 874 3049 consueto,
900 2989 930 3036 et
953 2984 1135 3037 convivantur
1157 2985 1278 3037 Domino
1295 2986 1372 3036 etiam

280 3063 348 3109 tunc
379 3054 414 3107 de
441 3062 502 3109 toto
526 3063 625 3109 senatu
654 3056 755 3109 delecti
782 3054 872 3108 amici.
913 3054 967 3107 Die
992 3053 1019 3106 ri
1038 3056 1125 3106 esimo
1155 3070 1232 3108 nono
1245 3056 1371 3107 eiusdem

279 3126 382 3178 mensis
400 3126 557 3179 celebratur
573 3128 706 3182 memoria
726 3124 770 3198 [et
788 3127 848 3179 dies
867 3072 1043 3199 emortualisg}
1069 3126 1158 3179 saneti
1176 3134 1206 3177 et
1232 3126 1371 3179 orthodoxi

278 3198 371 3265 magni
392 3196 482 3249 nostri
510 3200 686 3268 imperatoria
711 3197 809 3251 Basilii
835 3199 889 3265 [eo
918 3194 965 3249 die
988 3197 1036 3265 pie
1062 3193 1215 3271 defunctil.
1259 3198 1369 3250 Soleune

278 3276 347 3321 tuno
364 3266 569 3340 splendidaque
587 3272 618 3322 in
636 3286 737 3339 pompa
756 3267 913 3339 procedunt
929 3270 1113 3337 Imperatores
1136 3268 1226 3321 nostri
1254 3266 1323 3341 [Leo
1343 3276 1369 3321 et

277 3336 444 3410 Alexander]
465 3337 559 3392 induti
584 3340 777 3413 scaramangiis
804 3342 834 3392 in
858 3339 993 3409 templum
1011 3338 1058 3391 SS.
1076 3339 1290 3409 Apostolorum
1313 3356 1368 3391 san-

278 3417 380 3479 otoque
397 3410 490 3462 olfioio
510 3412 609 3476 finito,
629 3412 748 3465 redeunt
766 3410 863 3463 eodem
889 3408 973 3463 modo
996 3426 1058 3462 oum
1083 3410 1172 3479 gloria
1195 3410 1319 3475 domum,
1341 3420 1368 3464 st

278 3488 459 3550 opponuntur
479 3482 578 3551 epulae
597 3482 788 3536 inlustiniani
806 3480 949 3544 triclinio,
969 3480 1005 3531 ad
1019 3498 1137 3553 quarum
1154 3482 1365 3535 communionem

278 3550 416 3615 invitandi
434 3550 516 3603 uobis
529 3560 594 3605 suut
610 3554 708 3618 amici,
727 3561 760 3606 ut
779 3552 921 3622 magistri,
937 3549 1066 3605 homiues
1084 3552 1234 3614 senatorii,
1252 3551 1366 3605 homines

279 3622 456 3693 imperiales,
473 3638 525 3691 pro
544 3624 634 3693 spatio
653 3640 775 3682 mensae.
810 3622 1029 3677 introducuntur
1053 3630 1081 3676 et
1098 3622 1255 3675 educuntur
1271 3623 1299 3673 in
1316 3624 1365 3675 suis

280 3700 389 3748 tantum
415 3696 625 3763 scaramangiis,
642 3704 790 3766 propterea
828 3694 885 3747 uod
908 3701 938 3746 et
962 3695 1138 3764 ipsiDomini
1161 3696 1213 3746 tali
1231 3695 1262 3745 iu
1279 3693 1364 3747 habitu

280 3762 455 3819 accumbunt.
499 3765 595 3819 Altero
622 3765 667 3817 die
694 3774 759 3837 post
784 3711 940 3819 celebratur
967 3782 1030 3817 oum
1056 3766 1167 3818 dexlmo
1195 3781 1243 3817 seo
1269 3766 1364 3816 solenni

279 3836 462 3889 salutantium
480 3843 510 3888 et
526 3836 725 3908 gratulantium
743 3839 908 3906 exceptione
935 3837 1121 3889 autocratoria
1150 3850 1199 3887 aen
1217 3837 1313 3889 natalis
1346 3836 1363 3889 ii

279 3906 310 3959 iu
329 3906 438 3962 Christo
459 3908 570 3979 imperii
595 3907 721 3961 fidelium
748 3911 948 3978 Imperatorum
967 3908 1069 3959 Leonis
1088 3915 1118 3959 et
1135 3906 1298 3973 Alexandri3
1317 3855 1362 3957 ιδν

280 3975 428 4061 solutoque
446 3995 509 4031 eum
528 3980 691 4034 solennibus
711 3980 871 4033 cerimoniis
889 3977 1016 4041 deximo,
1045 3994 1137 4031 rursus
1155 3977 1309 4047 praesident
1326 3971 1361 4048 pii

279 4048 393 4105 Domini
411 4050 442 4106 iu
460 4049 561 4107 ιίιτοοο
580 4052 716 4105 auxillum
734 4049 926 4121 flagitantibus
951 4049 1079 4105 oblatum
1095 4058 1125 4103 et
1140 4050 1263 4121 praemia
1278 4048 1362 4101 tono·
