3042 4825
321 193 376 256 aa
408 189 611 258 cauruou
637 189 775 254 amaa
802 189 973 254 amiur.
1001 193 1043 254 u.
1068 191 1121 260 σε,
1182 161 1260 274 751

162 343 342 428 νακλὴσεως
360 345 513 426 οτιχίζειν
534 339 653 418 adroic
674 339 754 406 κατά
774 337 810 405 τά
833 336 914 406 ἴδιον
941 333 1067 424 άξίωμα
1088 339 1190 432 saislep
1210 345 1417 433 ric-Mulut

162 445 273 526 τιμίας
292 447 462 527 βασιλικῆς
481 445 661 528 τραπέζης,
696 438 753 505 καί
781 434 851 522 ἅμα
883 443 941 526 τῆς
973 437 1183 527 ε’κφωνῆσεως
1203 446 1268 510 τῶν

160 542 377 629 παρεστώτων
398 545 578 624 βοοκαλίων
600 536 782 606 άνακλίνειν
804 537 922 617 airola
942 543 978 606 έν
1001 545 1041 627 τῇ
1059 545 1419 633 λαμπροτάτῃΕδλτδλὸ

159 643 323 730 τραπέζῃ,
357 640 481 726 ἐξάγειν
520 640 556 705 δὲ
586 637 706 716 αδτοδς
728 639 825 704 πάλιν
848 640 888 726 τῇ
912 634 994 728 αάτῇ
1012 640 1198 732 άκολουθιλρ,
1226 642 1272 722 ιδς

138 739 305 826 Βείρηται.
346 742 402 808 dus*
422 744 458 808 δὲ
481 749 547 816 τοῖς
577 746 699 818 λοιποῖς
730 740 915 822 ιῖκονβίτοις
937 737 999 824 ιιρδ
1026 743 1082 824 τῆς
1104 745 1272 829 βασιλικῆς

159 839 364 925 ἀνακλήσεως
405 837 691 926 κροανακλίνονται
732 842 861 922 admyssa
890 837 920 903 oi
943 837 984 904 τά
1018 840 1197 926 σφραγίδια
1224 843 1272 908 cr'-

157 937 313 1027 ληφότες,
341 939 400 1004 καί
417 937 465 1005 ἔτι
488 935 595 1006 airas
629 938 845 1020 ἀνακειμένων
868 937 926 1004 καί
944 940 1134 1024 ἐσθιόντων,
1169 944 1205 1008 ἐν
1224 942 1272 1032 τῷ

158 1041 263 1126 καιρῷ
281 1041 340 1104 τοῦ
360 1041 477 1122 μίνσον
494 1044 559 1106 τοῖν
581 1039 750 1121 δοολκίων,
771 1036 1052 1122 άναλαμβάνονται
1071 1037 1110 1106 τά
1131 1043 1270 1109 δοθέντα

157 1141 340 1226 σφραγίδια
370 1138 435 1204 dud
463 1140 668 1227 ἅρτικλίνοα,
701 1141 760 1204 καί
791 1137 918 1204 δίδοται
944 1137 1025 1205 κατά
1052 1137 1153 1208 τάπον
1175 1139 1266 1228 παρά

116 1243 220 1312 sorori
244 1241 366 1304 εἰδικοῦ
382 1237 479 1323 λόγον
501 1233 623 1329 ἑκάστῳ
646 1242 757 1324 πένητι
777 1240 824 1314 είς
853 1235 1025 1323 βασιλικὴν
1054 1239 1203 1324 εδλογιλιν
1227 1235 1267 1308 ά-

156 1338 334 1422 τιοκόμβιον
363 1335 439 1423 ἔχον
471 1336 603 1404 ἔνδοθεν
631 1339 774 1420 νόμισμα
807 1339 856 1404 ἓν.
899 1336 955 1402 ἐπὶ
985 1341 1021 1403 δὲ
1050 1344 1107 1425 τῆς
1137 1342 1268 1426 ε’ννάτης

154 1439 278 1526 ἡμέρας
296 1438 361 1503 τῶν
384 1438 491 1504 αὐτῶν
515 1433 693 1522 άκοοβάων
715 1443 852 1503 τελεῖται
875 1437 1051 1524 κλητάριον
1072 1441 1216 1524 δείπνοιι,
1246 1434 1267 1506 δ

155 1537 212 1604 καί
238 1535 427 1624 τρνμητικὸν
455 1543 619 1622 καλεῖται,
655 1538 713 1602 καί
740 1540 795 1600 δεῖ
816 1535 901 1619 ὑμᾶς
932 1538 1193 1626 προευτρεπιζειν
1217 1539 1291 1618 eigil

155 1640 364 1704 σννεστίασιν
386 1641 445 1702 τοῦ
469 1639 598 1703 δείπνου
624 1640 670 1726 τῷ
700 1641 833 1721 βασιλεῖ
854 1640 970 1724 paloor
993 1637 1046 1720 αῖ,
1079 1633 1146 1706 οἷον
1167 1643 1265 1724 μαγί-

116 1741 297 1825 ιὸστρονς,
330 1733 538 1818 ἅνθυπάτονς
564 1738 753 1823 πατρικίους
780 1734 981 1823 στρατηγοδς
1010 1727 1110 1820 διττά,
1149 1741 1264 1826 paloor

154 1835 353 1922 Βαυλγάρων
378 1833 438 1900 δύο
446 1887 456 1919 ,
485 1837 543 1902 καί
559 1834 635 1911 τούς
657 1832 816 1922 ἑκατέρων
837 1832 896 1900 δάο
919 1832 1122 1924 δημάρχους.
1163 1861 1264 1924 προσ-

154 1939 330 2000 καλοῦνται
357 1937 393 2001 δὲ
425 1929 514 2002 οὗτοι
543 1934 635 2020 παρά
657 1935 715 2000 τοῦ
735 1938 895 2018 βασιλέως
926 1933 982 1999 διά
1001 1939 1059 2002 τοῦ
1079 1936 1263 2022 α’ρτικλίνοα

154 2037 297 2121 πρωίας,
332 2032 388 2099 καί
412 2037 536 2116 μίνσων
567 2034 761 2115 διδομένων,
800 2037 1061 2120 συνεισέρχονται
1085 2036 1200 2114 πάντες
1230 2035 1264 2106 oi

153 2136 339 2220 κεκλημένοι
362 2135 408 2210 είς
427 2135 631 2200 συνεστίοισιν
652 2135 696 2222 τῷ
710 2137 842 2215 βασιλεῖ
861 2130 942 2219 πρὸς
965 2130 1114 2222 ἑσπέρας,
1129 2140 1186 2203 καί
1195 2139 1263 2204 ελσ-

112 2233 286 2318 ποάγοντοιι
306 2231 362 2299 καί
387 2231 553 2316 ἐξάγονται
580 2229 696 2307 πάντες
717 2229 802 2313 μετά
820 2234 884 2296 τῶν
902 2235 1025 2300 οἰκείων
1040 2232 1263 2320 άλλαξιμάτων

153 2335 212 2399 καί
229 2337 418 2417 καμπαγιλον
442 2328 522 2397 κατά
545 2331 741 2398 ἀκολουθίαν
768 2329 825 2395 καί
843 2328 946 2395 τάπον
973 2337 1037 2398 τῶν
1058 2340 1261 2424 προγραφέν-

142 2458 215 2499 των
239 2436 274 2499 έν
295 2441 362 2509 τοῖς
384 2426 466 2500 airu}
509 2434 545 2497 έν
575 2433 612 2496 δὲ
639 2438 705 2505 τοῖς
725 2425 887 2513 ἑκατέρων
908 2433 974 2495 τῶν
995 2436 1103 2518 μεροῖν
1127 2436 1263 2519 οἰκοοβί.

152 2554 219 2607 τοις
236 2536 290 2598 δεῖ
308 2532 394 2616 ὑμᾶς
415 2538 524 2598 καλεῖν
545 2527 627 2597 κατά
642 2528 698 2595 τὸν
722 2524 797 2615 δρον
812 2531 870 2613 τῆς
890 2525 1017 2616 πρώτης
1035 2527 1159 2619 ἡμέρας
1182 2535 1261 2612 τούς

151 2762 279 2833 protinus
297 2768 380 2832 atquc
399 2760 514 2813 Domini
533 2757 742 2824 accubuerunt,
760 2766 871 2829 oportet
886 2768 920 2813 nt
937 2760 1021 2823 illos,
1037 2761 1190 2815 secandum
1209 2781 1258 2817 su·

152 2850 196 2885 am
215 2848 354 2905 quemque
373 2832 550 2897 dignitatem,
581 2831 652 2881 circa
677 2830 866 2883 venerabilem
884 2833 987 2902 regiam
1004 2848 1129 2885 mensam
1147 2834 1260 2889 ordine·

151 2920 228 2966 mus,
263 2908 292 2957 et
318 2904 435 2955 simulac
465 2900 605 2954 adstantes
631 2902 739 2954 vocales
769 2902 917 2966 intonant,
948 2903 983 2954 ad
1007 2902 1258 2973 splendidissimam

151 2990 276 3027 mensam
302 2972 501 3028 adsteruarnus.
538 2972 596 3023 llos
622 2970 718 3024 eadem
741 2970 879 3035 formula,
909 2990 965 3044 qua
988 2973 1124 3037 diximus,
1152 2975 1258 3040 iterum

153 3044 271 3097 educere
289 3052 408 3113 oportet
446 3044 571 3113 Reliquis
590 3041 725 3094 accubitis
746 3042 934 3107 acclinantur,
959 3046 1004 3097 rcl
1030 3053 1180 3114 antequam
1203 3050 1259 3117 ipsi

151 3116 268 3169 Domini
288 3114 479 3177 secubuerint,
500 3128 654 3183 pauperes,
675 3112 778 3184 qulbus
796 3122 878 3166 antea
896 3113 977 3167 datae
996 3122 1115 3168 tesserae
1133 3116 1258 3176 suerunt.

153 3186 196 3240 ab
214 3185 257 3238 bis
276 3184 367 3237 adbuc
384 3184 613 3237 accumbentibus
632 3190 661 3235 ct
678 3182 858 3253 epulantibus
876 3200 910 3239 εο
931 3194 1064 3255 tempore,
1083 3204 1139 3257 quo
1157 3190 1257 3245 missus

153 3256 243 3311 dalaii
262 3274 311 3310 seu
330 3264 508 3323 tragematum
527 3264 554 3309 ot
576 3256 767 3324 placentarum
787 3255 956 3309 molliturum
971 3257 1071 3320 intrat,
1090 3259 1197 3328 repetit
1213 3280 1257 3313 ar-

152 3328 267 3381 tlolinus
287 3336 420 3390 tesseras,
453 3324 609 3397 danturque
633 3340 668 3377 err
685 3334 796 3395 recepto
820 3328 877 3378 ritu
894 3327 1007 3381 nomine
1027 3326 1117 3397 regiae
1135 3328 1258 3385 benedi-

152 3397 253 3453 ctionis
283 3398 398 3469 singulis
424 3396 593 3467 pauperibus
624 3410 658 3447 cx
682 3398 791 3466 privato
816 3397 928 3466 peculio
953 3397 1062 3467 singula
1092 3401 1257 3469 apocombia

150 3470 197 3526 vel
215 3469 378 3522 munuscula
396 3469 512 3521 missilia
531 3467 645 3521 sacculis
666 3468 760 3519 insuta
779 3467 854 3520 intus
880 3465 1015 3521 habentla
1040 3472 1162 3540 singulos
1187 3474 1257 3527 soli-

151 3542 201 3595 dor
228 3556 334 3594 aurcos.
370 3540 451 3593 Nono
481 3538 527 3591 die
547 3537 698 3593 eorundem
721 3537 898 3591 accubituum
923 3540 1080 3595 celebratur
1098 3544 1257 3599 convivium

150 3612 348 3683 vespertinum,
365 3608 441 3681 quod
461 3612 545 3662 etiam
561 3609 730 3663 vindemiale
745 3611 916 3681 appellatura
935 3620 1101 3685 oportetque
1117 3630 1166 3667 vos
1177 3617 1255 3685 priua

151 3684 283 3737 invitatos
307 3691 336 3735 et
360 3691 531 3752 comparatos
559 3680 661 3734 habere
681 3682 829 3735 duodecim
847 3683 965 3747 amieos,
997 3682 1032 3735 sle
1050 3684 1148 3736 ordine
1167 3688 1256 3753 magi·

152 3764 279 3819 atrorum,
297 3755 491 3822 proconsulum
508 3753 686 3822 patriciorum
706 3762 886 3825 strategomm
905 3763 977 3817 octo,
1004 3755 1134 3824 Balgaras
1152 3758 1255 3810 amicos

152 3824 224 3890 dno,
243 3834 273 3878 et
288 3826 431 3893 ambarum
450 3823 600 3878 lactionum
619 3825 772 3895 magistros.
808 3826 964 3879 Imitantur
988 3834 1081 3878 autem
1099 3825 1130 3878 bi
1147 3826 1183 3878 ab
1201 3829 1257 3881 Iam

151 3904 281 3968 peratore
299 3913 350 3967 per
366 3897 525 3950 articlinum
543 3912 639 3958 manc,
658 3896 829 3967 indictisqae
849 3894 1068 3969 [pomeridianis]
1089 3896 1197 3961 missis,
1213 3900 1255 3951 si.

151 3969 212 4021 mul
231 3984 293 4021 cnm
312 3968 480 4036 Imperatore
500 3968 604 4020 intrant
621 3967 732 4022 invitati
752 3984 848 4021 amnes
866 3976 931 4021 ante
948 3983 1101 4037 vesperam,
1116 3975 1147 4019 et
1162 3971 1255 4023 intra·

152 4040 293 4096 ducantur
312 4054 406 4093 amnes
426 4038 456 4092 ia
475 4039 531 4090 suis
549 4039 707 4092 mutatoriis
725 4046 754 4091 et
776 4038 925 4108 campagiis
943 4036 1094 4092 secundum
1112 4038 1258 4098 decursum

154 4122 183 4171 ct
201 4110 348 4169 formulam
366 4126 450 4182 supra
467 4110 672 4183 praescriptam.
708 4108 752 4164 td
779 4110 902 4183 reliquos
924 4116 1017 4165 autem
1034 4107 1177 4164 ambarum
1193 4112 1257 4185 pla.
