3042 4825
360 156 1095 265 numerumnunerum
1188 140 1270 255 169

182 340 396 426 σφαλίζαασιν
412 340 443 407 οἱ
463 333 717 419 κοαβικενλάριοι
740 327 798 415 τὴν
819 329 930 411 πῦλην,
949 323 1197 411 ῦπερεοχόμενοι
1213 322 1272 387 κατ’

180 438 279 505 ariter*
306 441 375 519 ,,ει’ς
401 432 536 509 πολλοῦς
558 431 614 497 καί
646 426 788 514 ἀγαθοὺς
813 424 1003 510 χρόνοοςίᾶ
1040 425 1096 487 καί
1120 418 1227 504 λαβών
1250 417 1294 485 οἹ)

181 534 384 621 πραιπῦσιτος
402 533 438 601 τὸ
457 535 583 615 στέμμα
598 528 659 595 ἀπὸ
677 531 733 613 τῆς
750 524 890 611 κεφαλῆς
904 526 963 587 τοῦ
980 525 1146 602 βασιλέως,
1166 521 1268 603 εἰσέρ-

180 658 272 718 χεται
291 634 309 699 o‘
326 630 477 718 βασιλεῦς
498 635 533 699 έν
551 632 594 719 τῷ
612 628 678 715 ναῷ
695 628 753 691 τοῦ
774 627 919 707 Κυρίου,
951 617 1007 685 καί
1034 615 1139 701 λαβών
1155 615 1271 702 κηροῦς

160 730 240 803 5καί
253 732 439 815 εῦξοίμενος,
468 732 651 797 ἐπιδίδωσιν
672 721 792 800 αὐτοῦς
808 723 852 809 τῷ
867 715 1083 805 πραιποσίτρι,
1110 716 1270 799 διέρχεται

178 830 234 897 διοὶ
251 832 314 897 τοῖν
329 830 521 913 διαβατικῶν
544 828 600 893 τοῦ
621 824 759 910 Κορίοκ,
778 822 835 887 καί
841 818 1027 905 ,εἰσέρχεται
1040 820 1076 882 έν
1090 816 1134 901 τῷ
1148 809 1270 897 τρικέγ-

174 954 238 1019 χρ.
279 926 342 995 εἶθ’
366 924 464 1004 οῦτοος
491 929 653 1012 διέρχεται
674 921 715 987 τοὶ
738 914 909 1003 deflorari
929 920 993 983 τῶν
1020 913 1118 999 ἁγίων
1140 912 1183 998 μ’,
1213 914 1270 975 καί

173 1032 352 1115 εἰσέρχεται
367 1030 412 1105 εἰς
430 1023 483 1091 τὸν
502 1022 771 1111 χροσοτρίιιλινον,
792 1016 822 1085 οἱ
844 1021 881 1085 δέ
904 1017 1062 1100 πατρίκιοι
1083 1012 1140 1076 καί
1157 1006 1186 1073 οἱ
1200 1014 1267 1107 ios:
1307 1026 1311 1033 ’

173 1126 231 1191 ποί
246 1129 443 1213 εἰσέρχονται
458 1120 513 1189 διὰ
535 1124 593 1187 τοῦ
612 1112 703 1196 ὄντος
721 1120 767 1197 είς
786 1115 823 1182 ri
842 1112 943 1182 ίέικόν
959 1109 1141 1196 μονοέῦροο
1167 1112 1202 1174 έν
1219 1132 1265 1197 τρι

137 1226 347 1313 τολαοσιακῷ.
390 1221 446 1289 καί
461 1224 520 1287 τοῦ
539 1218 653 1306 καιροῦ
668 1216 867 1301 ἐγγίσαντος,
896 1214 1055 1298 ἐξέρχεται
1078 1206 1095 1275 ὅ
1113 1202 1265 1292 βασιλεῦς

170 1328 228 1389 καί
249 1324 417 1410 καθέζεται
439 1318 494 1387 en*
509 1318 566 1403 τῆς
580 1319 691 1399 τιμίας
714 1314 817 1381 αέτοῦ
838 1310 996 1399 τραπέζης
1015 1304 1096 1392 μετοὶ
1118 1310 1183 1374 τῶν
1207 1299 1266 1391 ἆρ-

167 1420 309 1505 χόντων,
333 1418 389 1495 οῦς
402 1423 546 1486 έκέλεοσε
566 1417 604 1505 τῇ
619 1409 701 1503 αῦτῇ
717 1412 822 1501 ἡμέρᾳ
841 1410 983 1476 καλέσαι.
1023 1407 1128 1482 ἰστέον
1143 1408 1194 1488 δέ,
1214 1399 1262 1469 ὅτι

169 1516 202 1585 οἱ
217 1522 278 1603 μέν
293 1522 452 1605 πατρίκιοι
471 1519 526 1581 καί
542 1514 572 1581 οἱ
595 1516 761 1599 κληθέντες
786 1509 922 1585 ἅπαντες
944 1502 1132 1593 η’λλαγμένοι
1159 1506 1405 1590 deep-fidam„

166 1640 281 1701 χονται
301 1619 347 1691 τίς
366 1616 402 1681 τὸ
427 1614 598 1701 κλρτιόριον
614 1605 689 1677 ῦνεο
713 1610 902 1694 χλανιδίων,
930 1608 961 1673 οἱ
986 1608 1021 1670 δέ
1045 1607 1103 1670 τοῦ
1127 1609 1263 1686 ›teodov-

128 1718 275 1789 15eies'ov
297 1706 464 1798 ἄρχοντες,
494 1714 666 1800 φοροῦντες
684 1706 822 1795 ἀληθινοὶ
844 1702 970 1792 σαγία,
989 1708 1030 1794 τῇ
1051 1700 1133 1792 αῦτῇ
1155 1702 1261 1791 ἦμέρρ

167 1814 294 1877 τελοῦσι
311 1813 442 1877 διπλοῦν
464 1809 725 1898 παραστάσιμον.
765 1805 832 1895 ’χρὴ
849 1807 886 1872 δέ
906 1806 1039 1885 εἰδέναι,
1061 1799 1120 1883 ὅτι,
1144 1804 1175 1866 εέ
1195 1804 1258 1883 μέν

165 1908 248 1998 τύχῃ
271 1912 311 1997 τῇ
331 1908 415 1996 αὐτῇ
442 1906 545 1998 ἦμὲρρι
571 1907 647 1994 οἷὴρ,
670 1905 851 1972 διοδεῦοοσι
873 1902 927 1967 διὰ
948 1905 1007 1968 τοῦ
1033 1901 1181 1985 ἐμβόλου,
1204 1903 1262 1965 καί

165 2002 356 2092 ἆνέρχονται
376 2010 410 2073 έν
432 2010 477 2097 κρῖ
496 2008 551 2072 τοῦ
573 2003 677 2094 φόρου
699 2001 831 2092 σινοὶτιρ,
860 2004 915 2069 καί
935 2005 1061 2069 ἴσταται
1081 2000 1259 2081 οἷντιμίσιον

166 2102 230 2171 tirsi
244 2102 365 2187 μεταξίι
380 2108 438 2171 τοῦ
457 2102 607 2187 σινοίτοο,
636 2100 692 2169 καί
706 2111 794 2169 τελεῖ
807 2101 847 2167 τὰ
868 2096 993 2166 ἅπαντα
1011 2102 1112 2166 έκεῖσε
1121 2150 1131 2181 ,
1151 2091 1198 2163 ὦν
1215 2096 1264 2163 di

119 2204 324 2279 ςοκολοέθως
341 2202 527 2289 εἰρήκαμεν,
562 2203 618 2268 καί
645 2200 739 2267 πάλιν
764 2200 820 2265 διὰ
838 2202 896 2266 τοῦ
923 2194 1024 2265 αῦτοῦ
1045 2198 1183 2281 ἐμβόλου
1199 2222 1258 2261 κα-

161 2306 308 2387 τέρχεται
327 2304 382 2366 καί
400 2304 458 2367 τοῦ
476 2302 615 2385 λοῦσον,
637 2305 693 2366 καί
707 2298 875 2386 ἀριστερὸν
892 2302 1051 2381 έκκλίνας,
1084 2297 1257 2383 ἀπέρχεται

159 2401 207 2477 εἷς
221 2399 261 2466 τὰ
278 2400 523 2486 χαλκοπριίτεια.
565 2403 676 2483 ἰστέον,
699 2396 749 2465 ὅτι
765 2403 868 2465 ταῦτα
886 2397 988 2464 πάντα
1004 2403 1153 2479 τελεῖται,
1173 2392 1289 2481 πλῆνρ

162 2497 183 2562 d
207 2498 358 2582 βασιλεῦς
375 2501 433 2564 οῦκ
455 2494 627 2588 ἀνέρχεται
641 2503 714 2566 νυνί
726 2500 760 2564 έν
783 2508 850 2576 τοϊς
865 2498 1154 2583 κατηχοομενειοις,
1183 2495 1254 2559 ἀλλ’

159 2597 208 2674 εἰς
225 2597 285 2682 τήν
307 2598 458 2686 τροπικὴν
482 2593 583 2675 ἓστοές
609 2601 665 2683 τῆς
691 2597 784 2682 ἁγίας
813 2600 927 2686 σοροῦ,
965 2598 1063 2660 ἐκεῖσε
1088 2600 1175 2659 τελεῖ
1195 2591 1254 2676 τὴν

223 2732 251 2790 8·
269 2719 302 2786 τέ
318 2723 452 2810 χρυσοτρ.
469 2731 511 2787 ed,
564 2738 604 2791 re.
623 2733 754 2788 ἵστανται
771 2725 814 2785 ed
873 2732 1045 2804 rpaeietroes
1062 2724 1111 2782 ίίπ.
1130 2727 1203 2785 coni.
1220 2729 1256 2798 li·

152 2858 263 2924 portam
282 2855 377 2924 templi
391 2855 503 2907 Domini
519 2861 686 2924 exspectent,
722 2856 890 2924 Imperatore
903 2859 1010 2924 portam
1027 2852 1165 2921 ingresso,
1188 2865 1250 2903 eam

154 2923 321 2975 cubicularii
338 2925 514 2989 custodiunt,
532 2933 560 2976 et
580 2926 700 2978 faustum
717 2941 749 2975 ac
764 2925 927 2976 diuturnum
947 2921 1095 2996 imperium
1106 2922 1133 2973 ei
1150 2937 1251 2990 appre-

155 3001 261 3047 eantur.
299 2995 472 3067 Praepositus
487 2995 522 3045 sb
540 2997 715 3064 Imperatoris
732 2996 823 3066 capite
838 3009 968 3046 coronant
990 2991 1092 3055 demit,
1115 2993 1164 3062 qni
1179 3000 1253 3044 tem-

152 3063 232 3133 plum
250 3065 362 3115 Domini
391 3065 526 3134 ingresaur
548 3082 666 3136 cumque
682 3066 767 3116 cereis
779 3066 899 3117 accensis
913 3071 1054 3137 precatus,
1073 3079 1119 3113 eos
1131 3077 1251 3132 praepo·

152 3133 207 3183 sito
224 3133 308 3184 tradit
325 3150 430 3206 perque
446 3137 568 3203 porticus
581 3135 692 3188 Domini
707 3136 878 3188 triconchum
893 3136 987 3198 intrat,
1005 3131 1106 3186 deinde
1120 3147 1171 3201 per
1184 3150 1250 3202 por-

149 3202 220 3254 ticus
234 3202 414 3274 quadraginta
429 3214 586 3257 sanctorum
602 3205 637 3256 nd
653 3221 768 3257 aureum
786 3207 938 3258 triclinium
955 3205 1029 3269 abis,
1053 3203 1163 3274 patricii
1183 3219 1248 3255 vero

150 3279 179 3324 et
193 3273 277 3326 ceteri
295 3289 344 3344 per
363 3275 475 3326 ianuam
501 3276 600 3328 aerarii
626 3277 778 3328 lauriacum
802 3277 1005 3346 ingrediuntur.
1047 3275 1184 3344 Tempore
1206 3292 1258 3358 sp-

147 3343 371 3424 propinquante,
398 3348 551 3415 Imperator
571 3329 698 3416 procedit
722 3363 840 3417 cumque
854 3345 1031 3418 proceribus,
1057 3361 1126 3416 quos
1148 3360 1180 3394 eo
1202 3344 1249 3400 dre

148 3421 260 3464 rnvrtarr
273 3413 400 3480 iusserit,
423 3417 563 3484 pretiosae
585 3432 695 3468 mensae
722 3433 788 3468 suae
803 3417 913 3468 assidet.
959 3413 1165 3469 Observandum
1182 3430 1248 3468 vero

148 3489 206 3544 est,
225 3483 355 3551 patricios
372 3494 401 3536 et
419 3488 546 3538 convivas
571 3503 665 3538 omnes
680 3485 710 3537 in
725 3487 883 3539 mutatoriis
902 3487 962 3538 eine
982 3486 1082 3538 tunicis
1098 3482 1134 3534 sd
1152 3484 1248 3552 epulas

147 3551 260 3616 venire,
280 3551 408 3608 cubiculo
420 3571 485 3608 vero
498 3557 655 3627 praefectos
669 3557 740 3625 sagis
758 3557 848 3609 rubris
864 3555 995 3620 indutos,
1014 3555 1050 3606 du
1071 3557 1151 3606 licem
1187 3572 1249 3608 ara·

147 3621 291 3674 staaimum
306 3639 340 3675 eo
356 3625 402 3676 die
415 3623 515 3689 facere,
533 3641 581 3678 seu
598 3625 641 3678 bis
656 3627 766 3678 solenni
778 3629 834 3678 ritu
851 3627 1041 3698 imperatoria
1076 3633 1142 3678 tare.
1165 3571 1249 3678 ine-

148 3696 238 3754 terea‚
256 3693 281 3743 si
298 3709 346 3745 rer
361 3711 394 3746 eo
408 3694 453 3746 die
473 3695 601 3748 turbidus
615 3704 666 3762 est,
683 3713 733 3766 per
748 3697 886 3766 porticum
903 3697 937 3748 sd
953 3704 1078 3751 senatum
1093 3693 1159 3764 (hoc
1169 3697 1247 3748 aedi-

146 3761 315 3814 ficiinomen
337 3767 390 3838 est)
410 3767 440 3818 iu
461 3766 522 3818 soro
543 3767 663 3830 abeunt,
690 3776 719 3820 et
739 3768 935 3820 antimensium
955 3768 985 3818 in
1002 3773 1098 3818 senatu
1123 3774 1247 3834 ponunt,

146 3837 236 3882 cetera
251 3834 360 3897 omnia,
377 3851 449 3906 quse
471 3835 603 3889 hactenns
621 3837 718 3889 ordine
732 3841 924 3906 exposuimus,
944 3837 1133 3898 observantur,
1151 3843 1180 3886 ot
1191 3838 1259 3889 lm-·

143 3908 255 3967 perator
276 3921 370 3956 rursua
388 3923 437 3976 per
452 3905 570 3958 eandem
609 3909 726 3958 orticum
739 3925 788 3976 per
810 3927 843 3960 ue
857 3911 967 3962 lausum
983 3906 1140 3969 descendit,
1165 3913 1193 3956 et
1206 3906 1245 3956 ai-

144 3970 308 4026 nistroraum
331 3975 486 4038 inclinans,
513 3977 549 4028 ad
571 3925 756 4047 oialcopratio
774 3927 839 4032 agit
887 3979 1043 4041 Sciendum,
1060 3976 1129 4028 hace
1151 3977 1245 4027 omnia

140 4037 301 4106 observari,
324 4053 523 4120 praeterquam
543 4045 619 4119 qnod
641 4049 796 4120 Imperator
816 4066 891 4104 nunc
911 4049 947 4102 ad
974 4047 1168 4102 cateclsumena
1188 4061 1244 4098 non
