3042 4825
285 207 373 321 ϋηο
493 233 765 301 coususuuur
805 233 1170 302 rourrsuuoouuru

264 385 392 453 Βαότόν
416 380 563 470 ’latomia
591 389 672 476 ὑπὲρ
700 387 889 475 τζικοορόων
912 386 945 476 φ’
960 442 980 472 ,,
995 391 1029 457 ν’.
1072 391 1172 478 ἐδόθη
1198 391 1252 456 τὸν
1283 385 1392 456 odedu

278 483 426 570 Ἰωανοδμ
447 487 527 576 ὑπὲρ
549 492 700 554 πελεκιων
722 485 749 555 α’
764 541 785 572 ,‚
801 487 837 554 κ’.
853 485 963 576 ,ἐδόθη
985 489 1042 555 τόν
1064 485 1162 556 αότδν
1191 491 1320 574 Ἰωακδμ
1342 491 1387 554 δ-

281 589 342 672 τιὲρ
364 587 523 673 ξιφαρόων
540 586 698 670 χιλιάδων
719 588 747 652 δ’
769 589 851 677 λόγῳ
870 591 933 654 τῶν
953 589 1111 668 τζιτιότων
1132 588 1196 654 α’τιό
1217 589 1254 655 τό
1274 593 1385 675 δομοι-

279 686 392 770 μέντον
421 686 552 772 σι’δηρον
581 683 727 771 χιλιάδες
757 686 777 752 ι’
800 692 855 753 κατ’
874 689 953 774 ὑπὲρ
976 689 1097 774 α’γοροῖς
1120 688 1290 780 καρβονδοιι
1305 740 1325 770 ,,
1343 688 1380 752 λ’.

278 786 379 872 ἐδόθη
400 789 445 874 τῷ
466 788 555 876 αὐτῷ
579 787 724 870 Ἰωακοδμ
740 786 821 874 tinio
839 791 1049 875 χτιροψέλλον
1071 791 1173 873 ζυγῶν
1193 787 1222 856 o'
1237 817 1246 854 ε
1264 787 1301 876 ρ’.
1344 787 1406 862 ὁ-5

277 890 344 971 uoti
362 883 403 952 τοὶ
425 888 560 952 δοθέντα
580 887 725 970 Ἰωακεδμ
746 879 879 976 ἄρχοντι
896 887 954 953 τοῦ
970 889 1176 975 α’ρμαμέντον
1195 895 1376 972 grauiter:

276 981 426 1071 γινόμενα
455 983 565 1072 λίτραν
592 981 618 1062 ς’
633 1037 654 1068 ,,
670 983 745 1072 λδγ’.
787 985 886 1072 ἐδόθη
915 985 997 1075 tinio
1028 988 1149 1074 ἀγορᾶς
1173 992 1236 1054 τῶν
1256 993 1378 1053 πανίων

273 1089 337 1151 τοῖν
363 1083 525 1173 ῥαοιακῶν
552 1086 634 1175 λόγῳ
662 1085 820 1172 ποιήσεως
845 1087 994 1169 δρμὲνων
1019 1089 1093 1154 driu
1114 1085 1176 1154 δνοὶ
1209 1091 1319 1174 πηχῶν
1349 1086 1376 1152 λ’

275 1187 340 1251 τοῖν
361 1183 392 1250 θ’
415 1181 579 1271 ναροιβιόον
599 1188 663 1253 τοῖν
688 1186 785 1270 Teis,
807 1185 863 1252 noi
883 1182 1001 1272 ἑτέρων
1020 1181 1214 1275 ἆρμὲνωνδ
1236 1185 1295 1252 α’νοὶ
1315 1215 1377 1272 πη-

244 1284 341 1370 clais
371 1281 417 1368 κη’
437 1285 501 1350 τιόν
519 1281 547 1368 β
568 1287 724 1375 μονεριοον
743 1289 809 1352 τοῖν
830 1288 1045 1372 αἰχμαλώτων
1074 1285 1137 1354 σόν
1168 1289 1234 1353 τῶν
1262 1289 1420 1352 δοθέν-ιο

272 1409 337 1449 των
357 1382 479 1450 πανίων
499 1381 642 1470 ῥασικοῖν
662 1383 745 1454 aerei
767 1385 952 1474 περόσοειαν
972 1385 1050 1464 rode
1071 1384 1193 1464 αδτοδς
1208 1387 1302 1462 ‘Pate
1333 1383 1374 1450 ri-

269 1486 330 1568 ττὲρ
355 1485 476 1550 πανόων
496 1483 552 1550 dmi
572 1486 635 1550 tois
664 1485 857 1572 ἀμφοτέρων
881 1487 992 1578 ,αρνδζ
1036 1483 1077 1551 τό
1099 1489 1155 1552 καί
1174 1485 1375 1572 δγοροιοθέν·

267 1609 311 1648 τα
334 1579 398 1650 aiud
415 1582 491 1660 τοός
510 1583 656 1668 α’ββιέδας
678 1586 725 1663 οἷς
745 1585 787 1650 τό
808 1584 954 1671 ἐνοικηκιὶ
977 1585 1034 1672 τῆς
1053 1589 1153 1670 μονῆς
1182 1589 1241 1649 τοῦ
1269 1587 1372 1670 sopori

263 1683 438 1764 Ῥωμανοῦ
460 1685 517 1748 καί
536 1682 599 1750 tino*
623 1681 700 1760 τοός
724 1686 986 1771 ιῖναγναφαρίοος
1007 1689 1068 1750 τοῦ
1084 1684 1187 1772 φόρον
1212 1679 1275 1748 cirri
1299 1685 1371 1748 δια-

266 1777 379 1868 φόρων
405 1775 584 1868 ποοσοόνιων
621 1790 690 1865 τῶν,
717 1788 753 1850 Π
784 1807 911 1866 νομιομ.
939 1781 981 1849 τιό
1005 1787 1056 1866 td,
1096 1782 1138 1850 τό
1169 1787 1225 1848 καί
1253 1781 1412 1870 dyona-15

267 1885 386 1948 σθέντα
408 1886 600 1955 κατενώπιον
619 1886 677 1948 τοῦ
697 1883 911 1970 σακελλαρόου
932 1885 990 1947 κατ’
1003 1887 1061 1948 τοῦ
1080 1887 1276 1968 βεστοαρίου.
1298 1883 1371 1948 &dli-¹·

266 1984 373 2066 θησαν
392 1982 475 2068 ὑπὲρ
497 1987 621 2065 μισθοῦ
639 1985 703 2048 τῶν
724 1981 960 2070 α’ρμενορόφων
980 1985 1046 2047 τῶν
1065 1981 1229 2064 καμόντων
1249 1980 1287 2048 τό
1310 1987 1371 2046 ου’-

266 2078 309 2146 τό
331 2075 460 2166 ἄρμενοι
488 2079 548 2146 σόν
576 2083 697 2168 ἀγορᾶς
725 2080 866 2165 νήματος
877 2130 898 2163 ,,
913 2077 966 2166 ly'.
1009 2075 1109 2167 ἐδόθη
1139 2081 1219 2166 ὑπὲρ
1251 2081 1371 2166 αἠοριῖς

186 2203 191 2214 ’
265 2182 477 2264 ξολοκτραόων
496 2176 578 2269 λόγῳ
599 2185 664 2247 τῶν
685 2175 793 2246 αότιόν
814 2181 856 2245 ια’
876 2184 1038 2266 καραβίων
1050 2227 1128 2262 „...
1164 2177 1262 2268 ἐδόθη
1283 2181 1365 2268 dario

266 2275 386 2366 ἀγορᾶς
415 2278 566 2361 σχοινίων
593 2277 673 2370 λόγῳ
708 2284 856 2366 κρυπτῶν
878 2276 1037 2366 ἐπικήριον
1067 2279 1123 2344 κατ’
1144 2280 1407 2367 ποδιοδρόμιοννο

228 2381 325 2443 Dede
348 2377 456 2443 ον’τιόν
479 2376 520 2443 ια’
545 2380 693 2467 α’ρμένων
706 2432 727 2463 ,,
742 2378 779 2465 γ’.
821 2375 921 2465 ἐδόθη
942 2377 1025 2467 ὑπὲρ
1048 2379 1166 2466 οἶγοριῖς
1186 2381 1365 2468 διφθερίων

264 2477 307 2544 ιδ’
321 2505 331 2545 a
347 2476 403 2561 ξοδ,
437 2473 482 2553 ὦς
510 2482 574 2543 τῶν
607 2466 726 2567 ἑτέρων
755 2479 798 2545 ιθ
828 2476 1007 2566 διφθερόον
1036 2482 1194 2545 δοθέντων
1221 2475 1282 2545 rint
1300 2484 1364 2547 τῶν

261 2740 386 2815 navalisl'
400 2756 451 2811 pro
470 2737 595 2798 emendis
613 2737 789 2792 sonuimus
807 2738 973 2790 numismata
988 2742 1040 2793 ndo
1057 2745 1085 2791 et
1101 2738 1170 2791 mill.
1186 2742 1218 2803 33
1246 2757 1297 2809 pro
1316 2756 1361 2793 se-

262 2812 377 2868 curibus
394 2815 448 2866 5οο
471 2827 533 2863 aeee
554 2811 578 2861 it
592 2826 667 2863 num.
690 2807 740 2874 5⁰3
758 2825 809 2878 pro
824 2827 875 2863 τοο
891 2810 1061 2879 bipennibus
1074 2826 1125 2877 τος
1148 2827 1198 2880 pro
1215 2810 1287 2878 ,looo
1300 2811 1360 2881 gla-

262 2882 316 2935 diis
333 2879 401 2934 ierri
418 2881 505 2936 libras
544 2897 619 2932 eoem
636 2878 807 2933 exhibendas
832 2880 918 2933 fabris
943 2878 1084 2949 gladiariis
1105 2882 1284 2947 armamenti,
1308 2899 1359 2951 pro

260 2954 386 3007 emendis
403 2951 570 3006 carbonibus
590 2968 665 3003 num.
683 2953 733 3016 ³⁰3
750 2966 801 3019 pro
822 2950 934 3019 paribus
951 2951 1120 3002 manicarum
1138 2953 1289 3003 ferrearum
1307 2950 1360 3003 du·

245 3025 349 3077 eentis
367 3040 441 3074 num.
461 3038 521 3075 roo.
557 3023 591 3076 ln
616 3023 776 3073 universum
804 3022 890 3090 igitur
913 3022 1019 3091 aceepit
1041 3022 1090 3073 ille
1111 3024 1213 3073 Ioaeim
1230 3022 1360 3091 magister

259 3096 424 3147 armamenti
449 3095 479 3145 in
503 3109 570 3145 auro
590 3092 756 3144 numismata
779 3094 831 3161 460
851 3100 879 3145 et
896 3093 965 3145 mill.
986 3107 1018 3157 ος
1047 3108 1118 3163 quae
1137 3092 1259 3145 efficiunt
1279 3094 1358 3145 litras

258 3168 293 3228 6,
311 3166 476 3216 numismata
496 3165 545 3231 34,
566 3162 637 3221 mill.
656 3166 680 3217 3.
717 3166 770 3216 Pro
789 3162 913 3217 emendis
932 3163 1031 3231 pannis
1049 3163 1161 3226 orastis,
1180 3180 1236 3235 quo
1256 3164 1357 3215 exinde

258 3237 359 3288 fierent
375 3236 436 3286 vela
454 3250 568 3299 novem,
586 3234 694 3303 singula
713 3235 877 3286 tricenorum
896 3236 1038 3295 ulnarum,
1058 3236 1087 3286 in
1106 3250 1185 3285 usum
1199 3250 1297 3287 novem
1313 3251 1356 3286 ca·

258 3305 400 3358 rabiorum
418 3308 517 3356 flarssot
542 3305 720 3368 vehentium,
751 3315 780 3357 et
804 3306 859 3355 alia
884 3306 945 3356 vela
973 3303 1170 3357 duodevicenis
1187 3306 1293 3355 octonis
1310 3305 1355 3357 ul-

258 3377 351 3428 nisio
378 3393 460 3426 usum
483 3376 671 3427 moneriorum
700 3392 748 3427 seu
778 3375 945 3428 unireruium
971 3375 1091 3443 captivos
1118 3375 1277 3427 vehentium
1306 3392 1355 3429 en·

256 3463 342 3516 pensa
359 3454 423 3497 sunt
435 3448 599 3497 numismata
615 3446 699 3513 irbi,
718 3446 801 3498 simul
820 3446 984 3515 computatis
1004 3446 1071 3497 illue
1088 3447 1188 3515 pannis
1208 3448 1264 3496 illis
1282 3463 1355 3495 eras-

257 3518 339 3567 aioris
357 3518 413 3581 lili,
437 3517 487 3587 qui
505 3532 556 3586 per
572 3516 772 3596 abundantiam
792 3524 821 3568 et
838 3534 921 3586 super
938 3532 1084 3567 numerum
1103 3517 1132 3567 iu
1152 3517 1252 3569 llusaos
1271 3514 1353 3567 diditi

256 3588 378 3639 fuerunt.
415 3586 594 3640 hmonachia
612 3587 743 3638 cellarum
762 3588 923 3639 monasterii
938 3587 1052 3639 Domini
1070 3588 1185 3638 Romani
1209 3597 1237 3639 et
1259 3604 1274 3637 a
1298 3602 1355 3637 aar·

254 3657 440 3709 minatoribus
457 3658 511 3709 fori
530 3657 597 3709 emti
614 3659 729 3709 suerunt
746 3675 797 3727 per
814 3660 904 3711 varios
924 3656 1049 3708 hominos
1074 3658 1160 3727 panni
1178 3674 1229 3726 pro
1248 3672 1353 3708 summa

254 3733 395 3783 num.320
421 3736 450 3780 et
473 3728 541 3779 mill.
560 3729 593 3797 4,
620 3745 791 3801 unoquoque
817 3746 909 3798 panno
938 3727 1143 3779 miliarensibus
1171 3730 1245 3795 senis
1270 3736 1350 3779 errato.

252 3799 315 3853 Huc
334 3816 446 3871 quoque
458 3799 599 3868 pertinent
618 3808 690 3851 emta
711 3816 726 3850 e
746 3801 858 3869 regione
877 3800 1013 3851 sacellarii
1032 3806 1060 3849 et
1077 3800 1209 3851 vestiarii.
1235 3800 1267 3849 ln
1279 3814 1352 3849 rner-

254 3871 349 3922 cedem
368 3870 508 3922 autoribus
525 3871 666 3934 velorum,
684 3871 733 3941 qui
752 3870 908 3941 supradicta
930 3871 991 3925 vela
1011 3867 1203 3932 elaborarunt,
1225 3868 1353 3921 simulet

251 3959 304 4011 pro
322 3943 414 4011 pretio
433 3941 543 3994 filorum
567 3942 597 3991 in
616 3957 675 3992 eam
694 3958 752 3993 rem
773 3940 978 4005 adhibitorum,
1007 3956 1124 4011 expensa
1145 3940 1259 3991 luerunt
1276 3956 1352 3989 ntran.

252 4014 296 4065 33.
333 4014 382 4065 Pro
409 4013 532 4064 emendis
560 4013 687 4065 antennis
715 4013 814 4081 ligneis
833 4012 945 4065 illorum
977 4031 1003 4064 rr
1040 4008 1212 4063 earahiorum
1232 4026 1353 4078 expensa

252 4088 317 4135 aunt
336 4120 343 4133 .
362 4122 369 4135 .
389 4122 395 4134 .
415 4101 424 4150 3
444 4100 493 4152 pro
513 4081 635 4134 emendis
654 4082 769 4136 funibus
790 4083 818 4134 ln
830 4083 1052 4153 supplementum
1064 4098 1175 4144 eorum,
1193 4099 1264 4151 quae
1278 4096 1353 4131 nune

251 4158 332 4218 sunt,
351 4160 400 4207 aut
418 4152 547 4225 deinceps
567 4162 665 4221 erunt,
693 4164 722 4209 et
740 4154 916 4225 ignorantur,
944 4151 1056 4227 putrida
1082 4160 1166 4225 atque
1191 4152 1299 4222 fragilia
1321 4150 1351 4201 in
