3042 4825
275 133 363 240 454
482 163 682 228 munuum
710 161 768 228 sn
795 165 950 227 τουτου
975 164 1139 230 rumim

284 341 346 382 στα
360 312 523 381 ’έσκύπουν
541 315 617 392 τούς
643 319 815 398 μέλλοντας
833 315 1044 405 προσφεύγειν
1071 322 1118 395 εἷς
1135 315 1210 394 ’τούς
1229 313 1381 402 έχθρούς.

277 413 485 500 περιεπάτουν
519 416 555 479 δέ
588 412 700 492 πάντες
726 418 876 481 τοσοῦτον
914 415 1086 500 ἀπέχοντες
1111 419 1169 484 τού
1195 414 1378 504 φοσσύτον,

246 509 359 581 σοῖστε
389 511 435 597 μὴ
464 511 721 599 ἀποκρύπτεσθαι
754 516 788 593 ἐξ
820 509 928 581 αύτούν
957 514 1012 581 riui
1031 518 1089 592 τὰς
1116 512 1287 599 ἐπιβουλὰς
1313 517 1380 581 τοῖν

276 613 419 696 ἐχθροῖν,
449 611 505 678 καὶ
525 607 599 678 ὅσον
620 610 752 678 δυνατόν
773 615 842 678 έστι
869 619 1176 700 προευτρεπισθηναι
1194 611 1232 682 τὰ
1254 610 1379 701 ponsti-

275 714 397 787 πονεῖς
426 707 600 796 ἀπάντησιν
627 715 690 778 τοῖν
710 715 839 799 έχθροῖν
865 711 927 779 sini
948 710 1068 781 τούτοιν
1096 716 1305 800 μηνυθέντος.
1344 710 1400 782 οὶό

278 813 314 880 δέ
334 815 392 879 τού
412 815 568 896 βασιλέως
589 812 777 898 προέχοντες
797 815 916 880 ἐκείνου
937 817 1060 896 μᾶλλον
1081 812 1223 901 ὑπῆρχον
1241 816 1298 879 τοῦ
1316 813 1378 877 θέ-

275 937 393 997 ματος,
424 912 457 977 οἳ
476 911 665 998 ἐπλησίαζον
691 915 729 1000 τῇ
749 916 814 980 τοῖν
841 917 971 999 έχθραῖν
990 918 1031 1002 γῇ
1060 913 1113 979 διὰ
1133 913 1169 980 τὸ
1189 914 1246 979 καί
1263 922 1377 1002 πεῖραν

276 1010 361 1093 ἔχειν
391 1011 511 1087 αύτούς
539 1015 602 1078 τοῖν
632 1036 668 1076 τε
696 1011 780 1079 itur
810 1015 867 1080 uui
881 1016 945 1080 τοῖν
971 1017 1089 1080 λοιπῶν
1117 1014 1222 1080 τόπων
1246 1014 1309 1079 τοῖν
1342 1015 1378 1078 έ-

275 1112 398 1197 χθροῖν,
432 1109 487 1176 καὶ
505 1108 554 1178 ἔτι
573 1111 629 1198 τὴν
650 1120 762 1200 πεῖραν
783 1116 846 1180 τοῖν
865 1115 1099 1199 ένεέρευμάτοον
1128 1116 1184 1178 κού
1201 1115 1263 1178 ταῖν
1282 1113 1376 1178 πολέ-

275 1234 346 1291 μων
373 1209 493 1277 αύτοῖν.
534 1209 648 1288 αύτούς
669 1215 704 1278 δέ
725 1216 782 1278 καί
799 1213 875 1290 τούς
903 1213 1167 1299 ὀπισθοφύλακας
1187 1208 1422 1298 ἐνήλλαττονιο

247 1306 338 1373 litat
369 1306 425 1373 τόν
454 1315 605 1381 πλεῖστον.
618 1307 722 1377 κόπον.
764 1312 803 1375 ού
830 1309 893 1397 γὰρ
925 1312 982 1395 τὴν
1008 1305 1139 1376 εύθτίαν
1168 1308 1377 1396 περιεπάτουν

275 1405 382 1490 uitri,
414 1402 492 1474 οἷλλύ
513 1408 571 1496 την
596 1404 796 1497 τραχυτέραν
817 1412 874 1476 καὶ
894 1407 1122 1493 incendiator·
1164 1405 1247 1474 ούτα
1269 1411 1305 1474 δέ
1325 1431 1376 1472 τι-

275 1503 434 1588 νούμενοι,
452 1505 511 1584 τοὶς
533 1511 648 1584 νύκτας
668 1512 982 1597 περιχαρανωθέντες
996 1508 1053 1574 κατ’
1069 1509 1127 1594 τὴν
1148 1503 1246 1592 ἄλλην
1268 1505 1377 1594 depui-

275 1611 365 1671 λιιαν
384 1606 571 1690 ποιήσαντες
591 1605 646 1673 διὰ
666 1608 740 1686 τούς
759 1612 1028 1694 νυκτοπολέμοος,
1049 1606 1253 1674 ἀνεπαύοντο.

275 1823 381 1880 hante
405 1827 520 1888 fossato,
551 1831 584 1876 ut
605 1841 748 1895 nunquam
775 1827 831 1877 suis
853 1834 930 1882 extra
951 1833 1128 1898 conspectum
1155 1833 1261 1891 esseat3
1289 1826 1377 1898 idque

277 1895 382 1967 duplici
405 1897 527 1958 ratione,
552 1913 588 1948 ne
612 1895 718 1948 scilicet
736 1896 790 1965 ipsi
811 1896 932 1949 hostium
950 1905 1079 1968 paterent
1094 1898 1218 1961 insidiis,
1242 1898 1376 1950 fossatum

276 1981 358 2028 vero,
377 1966 481 2017 abillis
496 1965 530 2018 de
546 1963 626 2020 hoste
640 1965 804 2019 imminente
822 1968 1013 2031 admonitum,
1029 1985 1088 2021 sese
1104 1976 1211 2020 mature
1231 1967 1318 2038 possit
1330 1967 1377 2018 illi

278 2035 441 2104 excipiendo
458 2049 622 2104 comparare.
660 2035 717 2105 Qui
741 2037 961 2090 taudemscoram
988 2041 1156 2106 Imperatore
1171 2036 1299 2107 proxime
1314 2053 1376 2087 am-

277 2105 423 2170 bularent,
439 2115 518 2158 eraut
536 2123 570 2160 ex
585 2107 635 2158 illo
652 2105 825 2176 potissimum
839 2108 960 2161 themate
974 2110 1018 2161 sel
1034 2107 1176 2170 districtu,
1203 2109 1252 2178 qui
1267 2106 1377 2162 hostico

275 2176 417 2246 proximus
434 2183 513 2230 esset.
550 2176 633 2230 Periti
655 2176 729 2228 euim
746 2186 825 2230 eraut
837 2186 865 2230 et
881 2179 1006 2242 viarum,
1024 2196 1073 2248 per
1089 2195 1156 2248 quas
1172 2177 1265 2230 hostes
1282 2185 1312 2229 et
1328 2180 1376 2230 in-

275 2245 375 2299 vadere
390 2253 419 2300 et
438 2264 530 2299 rursus
546 2265 575 2299 se
591 2244 745 2300 subducere
758 2254 889 2319 possent,
910 2255 940 2300 et
957 2251 1106 2314 iocorum‚·
1122 2249 1152 2301 in
1170 2248 1272 2317 quibus
1294 2265 1375 2318 agere

276 2325 418 2380 amarent,
442 2324 470 2368 et
485 2317 645 2378 modorum,
667 2315 770 2387 quibus
786 2326 835 2369 aut
851 2318 982 2383 iusidias,
1009 2326 1058 2370 aut
1078 2319 1150 2371 acies
1169 2316 1301 2388 bellaque
1326 2319 1374 2370 in-

275 2394 383 2441 struere
407 2385 535 2441 solerent.
572 2390 604 2441 In
626 2387 670 2441 his
697 2394 726 2440 et
751 2390 782 2443 iu
798 2389 943 2459 postremis
965 2389 1126 2443 custodibus
1144 2387 1374 2458 permutabantur

276 2464 305 2511 et
316 2455 521 2511 renovabantur
541 2458 694 2513 identidem
710 2459 931 2513 sollicitudinum
948 2461 1036 2525 viees3
1062 2460 1287 2531 quandoquidem
1305 2459 1374 2511 haee

275 2528 331 2582 duo
348 2544 448 2599 genera
463 2530 615 2599 plurimum
637 2528 761 2582 laborem
780 2530 938 2584 tolerarent
973 2530 1035 2586 Non
1046 2531 1121 2583 euim
1134 2539 1235 2584 rectam
1252 2538 1281 2583 et
1292 2546 1375 2598 expe·

275 2598 362 2653 ditum
382 2599 476 2665 viam,'
494 2598 542 2653 sed
569 2601 737 2669 asperiorem
756 2608 785 2655 et
805 2602 897 2653 miuus
919 2600 1089 2655 commodam
1118 2601 1205 2657 ibant„
1241 2602 1275 2653 In
1300 2598 1375 2652 huns

274 2670 387 2724 modum
399 2678 590 2740 promoventes
608 2671 746 2735 interdiu,
777 2670 890 2724 coibant
908 2690 958 2743 per
975 2679 1085 2726 noctem
1103 2672 1176 2725 intra
1191 2672 1309 2733 vallum,
1328 2686 1374 2721 re·

273 2740 385 2870 {usquo
398 2740 559 2793 necessariis
574 2748 668 2794 eontra
685 2749 835 2797 nocturnos
852 2740 976 2796 hostium
991 2744 1113 2815 impetus
1122 2742 1266 2813 praevisis,
1281 2739 1374 2815 capie-

296 2816 345 2869 τοι
366 2812 497 2881 quietem.
