3042 4825
281 192 368 277 362
486 214 759 285 coasultum
796 219 1162 289 romuuaoonuru

279 373 359 439 τῶν·
401 369 431 438 oi
459 373 497 437 tt
525 374 675 457 εῦνοῦχοι
706 374 991 462 πρατοσπαθάριοι
1019 379 1164 445 ἵστανται
1189 372 1298 445 luiso
1313 379 1374 445 τοῦ
1509 382 1510 453 l

246 468 422 555 Dosoipsoo
443 462 577 539 ῦπισθεν
595 475 654 541 τοῦ
672 478 803 555 σίντζου
812 527 822 559 ,
841 474 969 543 καὶτὸν
988 476 1067 544 λαὸν
1088 479 1124 543 ἐκ
1144 480 1252 565 τρίτου
1271 501 1373 545 κατα·

278 574 460 661 σφραγίσας
480 577 659 655 καθέζεται.
681 578 739 641 καί
756 577 979 663 πληρωθείσης
997 582 1056 663 τῆς
1074 572 1245 666 εὐφημίαις,
1265 576 1374 661 λαβάν

276 676 379 754 νεῦμα
408 669 657 760 άπραιπάσιτος
683 679 741 741 καί
771 673 929 760 ἔξελθῶν,
959 673 1099 763 εῦρίσκει
1128 680 1163 744 ἐν
1186 682 1224 765 τῇ
1251 675 1373 766 μεγάλη

275 768 361 860 πάλη
380 767 518 851 ἑστῶτας
536 772 613 851 τοῦς
631 778 820 863 πατρικίους
840 775 898 841 καί
916 776 1129 864 στρατηγοῦς,
1162 776 1220 844 καί
1239 781 1393 857 δίδασινό

275 872 383 949 (salsole
402 875 524 955 νεῦμα,
560 873 617 939 καί
635 875 810 961 ἀπέρχεται
831 878 962 953 ἕκαστος
991 880 1035 953 εἰς
1054 876 1112 955 τάς
1131 878 1236 958 τάξεις
1256 877 1373 945 αὑτῶν.

275 974 358 1062 (Γ.)
382 970 457 1059 Χρὴ
479 976 516 1038 δὲ
535 975 664 1057 εἰδέναι,
686 972 738 1041 ὅτι
757 978 793 1041 ἐν
813 972 918 1065 ἡμέρᾳ
938 980 995 1042 τοῦ
1015 980 1113 1061 βοτοῦ
1131 981 1189 1047 οῦκ
1212 980 1375 1066 εἰσέρχον-

273 1096 327 1137 ται
354 1073 389 1137 iv
413 1074 457 1159 τῷ
476 1075 653 1155 καθίσματι
681 1074 728 1150 εἰς
755 1074 968 1161 προσκύνησιν
991 1074 1054 1141 (ori
1081 1078 1239 1161 βασιλέως
1246 1128 1256 1161 ,
1289 1070 1373 1141 άλλά

272 1176 419 1253 τελεῖται,
440 1168 485 1246 ῶς
503 1176 712 1259 προείρηται·
752 1172 892 1239 καὶτῶν
912 1173 942 1238 ‹5'
960 1176 1061 1257 βαίων
1081 1177 1310 1257 τελεσθέντων,
1333 1173 1374 1237 ά-

272 1266 393 1344 ναστάς
407 1266 424 1333 ὅ
439 1267 591 1353 βασιλεῦς
610 1268 672 1338 άπὸ
686 1274 898 1355 τοῦσέντζου,
925 1273 1085 1359 διέρχεται
1105 1273 1162 1339 διά
1179 1278 1239 1339 τοῦ
1255 1275 1418 1360 spacii-10

126 1385 339 1452 lichnum,
360 1361 400 1435 οῦ
419 1367 559 1435 εἴθισται
580 1372 712 1459 άριστᾷν
722 1421 733 1454 ,
754 1374 819 1438 τῶν
839 1375 1015 1459 πατρικίων
1036 1366 1183 1440 taturus
1202 1370 1296 1439 ἔνθεν
1315 1374 1375 1437 κά-

272 1477 375 1552 κιῖσι,
406 1466 464 1533 καί
480 1470 721 1555 άηριχευάμενος
745 1469 766 1535 o‘
786 1470 940 1555 βασιλεῦς
959 1470 1023 1536 άπὸ
1045 1473 1110 1537 τῶν
1130 1467 1298 1556 α’ρχόντανν
1316 1470 1375 1537 τοῦ

272 1570 515 1654 κουβουκλείου,
536 1569 716 1657 εἰσέρχεται
736 1570 792 1637 διά
812 1576 871 1637 τοῦ
890 1576 993 1655 μέσου
1013 1570 1140 1653 αῦτῶν,
1162 1570 1259 1635 αῦτοί
1278 1572 1315 1635 δὲ
1335 1569 1375 1633 ά·-

272 1669 485 1755 περεάχονται
513 1668 572 1735 τάν
602 1672 747 1754 βασιλέα.
791 1671 847 1737 καί
876 1667 1077 1750 εἰσελθόντος
1108 1663 1210 1735 αῦτοῦ
1243 1670 1289 1745 είς
1318 1666 1375 1734 τὸν

272 1771 427 1850 κοιτῶνα,
458 1768 614 1854 λαμβάνει
634 1770 653 1835 o‘
673 1770 883 1857 πραιπάσιτος
903 1768 939 1837 τὸ
962 1774 1089 1855 στέμμα
1109 1769 1175 1836 άπὸ
1198 1772 1255 1855 τῆς
1273 1782 1413 1856 κτρα-,5

272 1868 331 1950 λῆς
350 1867 461 1949 αῦτοῦ,
482 1867 541 1933 καί
558 1871 758 1955 εἰσέρχονται
779 1867 810 1934 oi
829 1868 1035 1957 βεστὴτορες,
1056 1867 1114 1935 καί
1132 1868 1374 1933 ἀπαλλάσσουσι

272 1965 330 2051 τὴν
345 1967 485 2048 χλανίδα
507 1966 619 2053 αὐτοῦ,
638 1968 697 2035 καί
713 1967 983 2055 περιβαλλόμενος
1002 1966 1040 2033 τά
1057 1967 1167 2051 σαγίον
1187 1968 1294 2049 ου’τοῦ,
1315 1992 1375 2031 κα-

274 2067 427 2150 τέρχεται
448 2063 502 2130 διά
524 2068 581 2131 τοῦ
599 2071 758 2149 μυστικοῦ
777 2068 930 2149 κοχλιοῦ,
964 2064 1021 2131 καί
1048 2068 1227 2152 εἰσέρχεται
1247 2067 1293 2144 εἰς
1312 2063 1371 2132 τόν

275 2166 411 2230 κοιτῶνα
428 2167 488 2231 τοῦ
508 2159 688 2251 ὄκταχῶνου
708 2169 840 2251 πλησίον
859 2167 919 2230 τοῦ
940 2166 1032 2251 ἁγίου
1054 2163 1231 2253 Στεφάνου,
1252 2164 1309 2233 καί
1323 2168 1373 2245 ἐξ·

276 2262 382 2332 ελθῶν
402 2268 449 2342 τίς
465 2261 505 2331 τά
526 2263 571 2331 ιθ
592 2259 759 2349 άκοάβιτα,
783 2266 974 2349 άκονμβίζει
994 2264 1050 2331 ἐπὶ
1067 2269 1125 2351 τῆς
1143 2266 1251 2351 τιμίας
1272 2266 1411 2341 arimino

275 2366 435 2453 τραπέζης
453 2362 533 2447 μετά
553 2369 617 2432 τῶν
637 2359 807 2453 άρχάνταν
826 2368 887 2430 τοῦ
906 2368 1139 2449 κουβουκλείου,
1161 2362 1217 2433 τάν
1235 2368 1294 2432 τοῦ
1314 2390 1373 2431 σα-

249 2468 412 2548 Βκελλίου,
432 2465 489 2532 τὸν
507 2467 562 2552 τῆς
581 2465 803 2543 καταστάσεως
822 2461 948 2530 καὶτὸν
963 2459 1161 2553 άκτουάριον,
1184 2468 1231 2542 εἰς
1246 2467 1284 2530 δὲ
1298 2460 1374 2541 τοῦς

276 2565 364 2632 κάτα
384 2566 576 2650 άκουβίτους
595 2568 785 2646 καθέζονται
807 2565 836 2630 οἱ
858 2561 912 2630 διά
935 2561 1078 2652 Χριστὸν
1108 2563 1199 2650 ἡμῶν
1228 2561 1374 2649 α’δελφοί.

278 2668 336 2731 καί
353 2663 495 2750 άναοτάς
515 2661 533 2728 ά
553 2666 706 2749 βασιλεῦς
724 2664 782 2733 καί
799 2663 938 2746 ἐξελθάν
952 2663 1133 2750 ἔμπροσθεν
1152 2666 1211 2730 τοῦ
1227 2665 1373 2738 κοιτῶνος

128 2768 336 2851 iteritatis
357 2764 503 2853 δάφνης,
536 2765 760 2852 περιβάλλεται
781 2761 817 2831 τά
840 2765 956 2832 τοῦτου
977 2769 1100 2849 σαγίον,
1136 2766 1193 2866 καί
1211 2763 1410 2870 δηριχιυάῇ

276 2983 406 3049 tralibus,
423 2985 459 3036 ab
476 2992 595 3058 utroque
613 2987 702 3039 latere
719 2986 895 3040 constitutis:
915 2983 1037 3038 eunuchi
1054 2982 1272 3055 protospatharii
1290 2999 1373 3054 sopor

278 3069 389 3107 scamno
405 3073 478 3127 pone
497 3057 628 3110 thronum
644 3065 728 3121 stant,
746 3059 777 3109 in
796 3074 852 3128 quo
870 3059 1040 3127 Imperator,
1066 3063 1109 3106 ter
1125 3055 1231 3127 populo
1249 3054 1372 3125 signato,

277 3125 389 3178 assidet
431 3128 635 3181 Acclamatioue
653 3129 751 3191 linita,
781 3129 954 3198 praepositus
971 3127 1079 3197 signum
1097 3127 1212 3198 accipit,
1236 3139 1373 3195 egressus-

278 3213 334 3267 que
351 3199 483 3266 patricios
507 3206 537 3250 et
555 3207 690 3270 strategos
714 3197 751 3250 ad
776 3215 902 3268 magnam
929 3205 1038 3268 portam
1060 3197 1228 3250 constitutos
1253 3195 1372 3265 reperit,

279 3268 328 3350 ‹pui
346 3268 425 3338 siguo
438 3269 507 3338 ipsis
525 3269 606 3334 dato,
624 3271 661 3322 ad
677 3285 742 3322 suos
760 3269 871 3324 ordines
890 3268 992 3338 singuli
1011 3265 1124 3320 abeunt.
1160 3267 1232 3338 (lli.)
1251 3265 1306 3318 Dio
1322 3281 1372 3320 το-

278 3344 302 3388 ta
326 3337 363 3390 ad
386 3337 517 3392 thronum
540 3341 734 3411 Imperatoris,
766 3349 799 3393 ut
821 3355 885 3391 eum
902 3339 1035 3401 odorent,
1060 3353 1118 3388 non
1137 3335 1290 3400 accedunt,
1308 3334 1371 3400 sed,

278 3414 312 3459 ot
327 3407 466 3474 diximus,
484 3409 558 3462 tliem
575 3411 656 3463 illum
674 3410 834 3474 celebrant,
853 3417 882 3462 et
898 3411 997 3480 palmis
1016 3417 1137 3480 quatuor
1154 3408 1257 3471 linitis,
1282 3407 1373 3476 Impe-

277 3484 354 3532 rator
371 3496 387 3532 s
406 3480 508 3533 throno
526 3481 631 3551 surgit,
649 3499 755 3556 perque
774 3481 941 3545 triclinium,
960 3481 990 3531 in
1008 3496 1063 3550 quo
1083 3480 1198 3532 solenne
1216 3477 1372 3531 convivium

262 3549 449 3615 'instituitur‚
467 3553 592 3623 patriciis
618 3553 694 3606 utriu
736 3570 751 3605 e
776 3551 965 3614 adstantibus,
994 3551 1108 3615 transit,
1134 3557 1163 3601 et
1185 3565 1201 3600 a
1224 3546 1372 3619 praelectis

277 3621 408 3674 cubiculo
425 3623 559 3694 stipatus,
575 3639 626 3694 per
647 3640 691 3676 me
713 3626 770 3676 'um
789 3639 900 3686 eorum,
919 3621 984 3673 dum
1002 3621 1096 3672 felicio
1126 3621 1220 3672 omnia
1244 3619 1300 3689 ipsi
1323 3633 1374 3687 ap·

276 3701 441 3761 precantur,
458 3695 593 3763 procedit.
630 3697 667 3747 llt
689 3688 849 3747 cubiculum
875 3692 1004 3753 intravit,
1037 3691 1213 3762 praepositus
1242 3703 1373 3741 coronam

277 3779 295 3812 ε
313 3764 405 3833 capite
425 3765 484 3816 eius
504 3765 605 3831 demit,
622 3767 767 3819 vestitores
787 3781 899 3838 quoque
919 3762 1071 3828 accedunt,
1090 3761 1211 3814 tunicum
1229 3757 1372 3811 mutaturi:

277 3833 352 3902 ipae,
379 3851 444 3907 sago
468 3837 587 3901 iniecto,
615 3853 667 3907 per
700 3837 840 3891 cochleam
871 3842 1004 3886 secretam
1047 3831 1206 3884 cubiculum
1246 3828 1372 3900 octagoni

277 3921 364 3975 prope
388 3907 415 3960 S.
440 3906 575 3976 Stephani
599 3909 687 3978 petit,
714 3925 747 3959 ac
762 3907 916 3960 triclinium
934 3905 995 3959 xlx
1013 3903 1189 3955 accubituum
1215 3903 1374 3970 ingressus,

277 3979 450 4030 venerandae
471 3993 670 4032 mensaetauno
697 3996 757 4031 cuna
777 3976 923 4050 praelectis
943 3974 1089 4038 eubiculo,
1113 3973 1276 4033 sacellario,
1304 3969 1374 4023 oesi-

278 4050 433 4101 moniarum
456 4050 587 4119 magistro
614 4060 645 4102 et
661 4051 784 4102 actuario
803 4045 955 4108 occumbit,
979 4045 1009 4097 in
1027 4043 1209 4096 inferioribus
1228 4043 1295 4094 locis
1315 4041 1374 4094 ira·-

278 4124 333 4170 tros
349 4121 437 4175 nostri
453 4134 504 4192 per
517 4121 659 4176 Christum
682 4119 817 4176 adsident.
835 4121 989 4189 Imperator
1009 4117 1107 4188 surgit,
1126 4123 1155 4168 et
1168 4113 1204 4168 at
1216 4112 1377 4167 orbiculum
