<?xml version="1.0" encoding="UTF-8"?>
<!DOCTYPE html PUBLIC "-//W3C//DTD XHTML 1.0 Transitional//EN"
    "http://www.w3.org/TR/xhtml1/DTD/xhtml1-transitional.dtd">
<html xmlns="http://www.w3.org/1999/xhtml" xml:lang="en" lang="en">
 <head>
  <title>
</title>
<meta http-equiv="Content-Type" content="text/html;charset=utf-8" />
  <meta name='ocr-system' content='tesseract 3.04.00' />
  <meta name='ocr-capabilities' content='ocr_page ocr_carea ocr_par ocr_line ocrx_word'/>
</head>
<body>
  <div class='ocr_page' id='page_1' title='image "./corpusscriptoru40niebgoog/corpusscriptoru40niebgoog_0565.png"; bbox 0 0 3042 4825; ppageno 0'>
   <div class='ocr_carea' id='block_1_1' title="bbox 322 153 1255 268">
    <p class='ocr_par' dir='ltr' id='par_1_1' title="bbox 322 153 1255 268">
     <span class='ocr_line' id='line_1_1' title="bbox 322 153 1255 268; baseline -0.018 -14"><span class='ocrx_word' id='word_1_1' title='bbox 322 185 594 256; x_wconf 79' lang='lat' dir='ltr'><strong>cousrrurnu</strong></span> <span class='ocrx_word' id='word_1_2' title='bbox 623 183 773 253; x_wconf 82' lang='lat' dir='ltr'><strong>rouru.</strong></span> <span class='ocrx_word' id='word_1_3' title='bbox 803 185 859 248; x_wconf 85' lang='lat' dir='ltr'><strong>on</strong></span> <span class='ocrx_word' id='word_1_4' title='bbox 888 181 1083 248; x_wconf 80' lang='lat' dir='ltr'><strong>cnnruon.</strong></span> <span class='ocrx_word' id='word_1_5' title='bbox 1170 153 1255 268; x_wconf 72' lang='lat'><strong>457</strong></span> 
     </span>
    </p>
   </div>
   <div class='ocr_carea' id='block_1_2' title="bbox 87 333 1368 2403">
    <p class='ocr_par' dir='ltr' id='par_1_2' title="bbox 87 333 1368 2403">
     <span class='ocr_line' id='line_1_2' title="bbox 166 333 1260 428; baseline -0.008 -20"><span class='ocrx_word' id='word_1_6' title='bbox 166 340 249 428; x_wconf 79' lang='grc' dir='ltr'><strong>τρός</strong></span> <span class='ocrx_word' id='word_1_7' title='bbox 275 340 367 428; x_wconf 76' lang='grc' dir='ltr'><strong><em>ῆμῶν</em></strong></span> <span class='ocrx_word' id='word_1_8' title='bbox 388 345 443 408; x_wconf 82' lang='grc' dir='ltr'><strong><em>καί</em></strong></span> <span class='ocrx_word' id='word_1_9' title='bbox 469 343 528 408; x_wconf 75' lang='lat' dir='ltr'><strong>uod</strong></span> <span class='ocrx_word' id='word_1_10' title='bbox 548 339 692 406; x_wconf 80' lang='grc' dir='ltr'><em>πάππου·</em></span> <span class='ocrx_word' id='word_1_11' title='bbox 735 333 803 402; x_wconf 78' lang='grc' dir='ltr'><strong><em>ἀλλ’</em></strong></span> <span class='ocrx_word' id='word_1_12' title='bbox 823 339 895 403; x_wconf 75' lang='grc' dir='ltr'><strong><em>ἐπεί</em></strong></span> <span class='ocrx_word' id='word_1_13' title='bbox 910 341 1066 422; x_wconf 76' lang='grc' dir='ltr'><strong><em>μουσικῆς</em></strong></span> <span class='ocrx_word' id='word_1_14' title='bbox 1079 337 1260 422; x_wconf 77' lang='grc' dir='ltr'><strong><em>Ἑλληνικῆς</em></strong></span> 
     </span>
     <span class='ocr_line' id='line_1_3' title="bbox 87 431 1261 528; baseline -0.005 -22"><span class='ocrx_word' id='word_1_15' title='bbox 87 445 92 462; x_wconf 85' lang='grc'><strong>“</strong></span> <span class='ocrx_word' id='word_1_16' title='bbox 159 441 329 528; x_wconf 18' lang='grc' dir='ltr'><strong><em>,ἀμέτοχος</em></strong></span> <span class='ocrx_word' id='word_1_17' title='bbox 349 438 365 503; x_wconf 89' lang='lat' dir='ltr'><strong>o‘</strong></span> <span class='ocrx_word' id='word_1_18' title='bbox 384 437 558 526; x_wconf 81' lang='grc' dir='ltr'><strong><em>μα’χιστρος</em></strong></span> <span class='ocrx_word' id='word_1_19' title='bbox 576 431 626 524; x_wconf 82' lang='grc' dir='ltr'><strong><em>ῆν,</em></strong></span> <span class='ocrx_word' id='word_1_20' title='bbox 647 435 746 504; x_wconf 78' lang='grc' dir='ltr'><strong><em>πολλὰ</em></strong></span> <span class='ocrx_word' id='word_1_21' title='bbox 768 433 917 522; x_wconf 76' lang='grc' dir='ltr'><strong><em>βάρβαρά</em></strong></span> <span class='ocrx_word' id='word_1_22' title='bbox 936 461 970 503; x_wconf 88' lang='grc' dir='ltr'><strong>τε</strong></span> <span class='ocrx_word' id='word_1_23' title='bbox 989 434 1044 501; x_wconf 80' lang='grc' dir='ltr'><strong><em>καί</em></strong></span> <span class='ocrx_word' id='word_1_24' title='bbox 1057 434 1186 500; x_wconf 88' lang='grc' dir='ltr'><strong><em>σόλοικα</em></strong></span> <span class='ocrx_word' id='word_1_25' title='bbox 1204 433 1261 500; x_wconf 75' lang='grc' dir='ltr'><strong><em>καί</em></strong></span> 
     </span>
     <span class='ocr_line' id='line_1_4' title="bbox 167 525 1259 623; baseline -0.007 -20"><span class='ocrx_word' id='word_1_26' title='bbox 167 538 361 616; x_wconf 71' lang='grc' dir='ltr'><strong><em>ἀσυνταξίας</em></strong></span> <span class='ocrx_word' id='word_1_27' title='bbox 380 535 401 623; x_wconf 86' lang='grc' dir='ltr'><strong><em>ῆ</em></strong></span> <span class='ocrx_word' id='word_1_28' title='bbox 422 539 535 603; x_wconf 75' lang='grc' dir='ltr'><strong><em>τούτου</em></strong></span> <span class='ocrx_word' id='word_1_29' title='bbox 552 534 724 623; x_wconf 68' lang='grc' dir='ltr'><strong><em>συγγραφὴ</em></strong></span> <span class='ocrx_word' id='word_1_30' title='bbox 739 544 913 620; x_wconf 80' lang='grc' dir='ltr'><strong><em>περιεῖχεν,</em></strong></span> <span class='ocrx_word' id='word_1_31' title='bbox 933 536 965 599; x_wconf 77' lang='grc' dir='ltr'><strong><em>εἰ</em></strong></span> <span class='ocrx_word' id='word_1_32' title='bbox 983 535 1039 598; x_wconf 78' lang='grc' dir='ltr'><strong><em>καί</em></strong></span> <span class='ocrx_word' id='word_1_33' title='bbox 1056 531 1073 599; x_wconf 83' lang='grc' dir='ltr'>ὁ</span> <span class='ocrx_word' id='word_1_34' title='bbox 1092 525 1259 619; x_wconf 73' lang='grc' dir='ltr'><strong><em>ἅνθρωπος</em></strong></span> 
     </span>
     <span class='ocr_line' id='line_1_5' title="bbox 168 625 1259 721; baseline -0.003 -21"><span class='ocrx_word' id='word_1_35' title='bbox 168 635 324 719; x_wconf 68' lang='grc' dir='ltr'><strong><em>θεοσεβὴς</em></strong></span> <span class='ocrx_word' id='word_1_36' title='bbox 344 639 400 701; x_wconf 81' lang='grc' dir='ltr'><strong><em>καί</em></strong></span> <span class='ocrx_word' id='word_1_37' title='bbox 419 631 499 721; x_wconf 82' lang='grc' dir='ltr'><strong><em>οἷνῆρ</em></strong></span> <span class='ocrx_word' id='word_1_38' title='bbox 521 639 702 718; x_wconf 73' lang='grc' dir='ltr'>ἐπιθυμιῶν</span> <span class='ocrx_word' id='word_1_39' title='bbox 722 625 762 718; x_wconf 85' lang='grc' dir='ltr'><strong><em>ῆν</em></strong></span> <span class='ocrx_word' id='word_1_40' title='bbox 784 637 848 697; x_wconf 76' lang='grc' dir='ltr'><strong>τῶν</strong></span> <span class='ocrx_word' id='word_1_41' title='bbox 867 637 926 698; x_wconf 76' lang='lat' dir='ltr'><strong>ruri</strong></span> <span class='ocrx_word' id='word_1_42' title='bbox 945 630 1132 715; x_wconf 78' lang='grc' dir='ltr'><strong><em>πνεύματος,</em></strong></span> <span class='ocrx_word' id='word_1_43' title='bbox 1163 631 1206 706; x_wconf 75' lang='grc' dir='ltr'><strong><em>ὥς</em></strong></span> <span class='ocrx_word' id='word_1_44' title='bbox 1226 631 1259 697; x_wconf 81' lang='grc' dir='ltr'><strong>ἔ-</strong></span> 
     </span>
     <span class='ocr_line' id='line_1_6' title="bbox 143 725 1257 822; baseline -0.004 -23"><span class='ocrx_word' id='word_1_45' title='bbox 143 737 274 812; x_wconf 72' lang='grc' dir='ltr'><strong><em>δδειξεν</em></strong></span> <span class='ocrx_word' id='word_1_46' title='bbox 294 733 311 800; x_wconf 86' lang='grc' dir='ltr'>ὁ</span> <span class='ocrx_word' id='word_1_47' title='bbox 333 731 433 799; x_wconf 69' lang='grc' dir='ltr'><strong><em>αὐτοῦ</em></strong></span> <span class='ocrx_word' id='word_1_48' title='bbox 450 733 528 817; x_wconf 77' lang='grc' dir='ltr'><strong><em>βίος.</em></strong></span> <span class='ocrx_word' id='word_1_49' title='bbox 570 729 636 798; x_wconf 74' lang='grc' dir='ltr'><strong><em>ἀλλ’</em></strong></span> <span class='ocrx_word' id='word_1_50' title='bbox 656 735 692 799; x_wconf 78' lang='grc' dir='ltr'><strong><em>ἐν</em></strong></span> <span class='ocrx_word' id='word_1_51' title='bbox 711 735 755 822; x_wconf 72' lang='grc' dir='ltr'><strong>τῷ</strong></span> <span class='ocrx_word' id='word_1_52' title='bbox 775 725 919 817; x_wconf 84' lang='grc' dir='ltr'><strong><em>ἇμοιρεῖν</em></strong></span> <span class='ocrx_word' id='word_1_53' title='bbox 938 730 1045 812; x_wconf 75' lang='lat' dir='ltr'><strong>odedu,</strong></span> <span class='ocrx_word' id='word_1_54' title='bbox 1066 727 1109 806; x_wconf 78' lang='grc' dir='ltr'><strong><em>ὦς</em></strong></span> <span class='ocrx_word' id='word_1_55' title='bbox 1126 730 1257 816; x_wconf 82' lang='grc' dir='ltr'><strong><em>ἔφαμεν,</em></strong></span> 
     </span>
     <span class='ocr_line' id='line_1_7' title="bbox 166 827 1258 919; baseline -0.004 -24"><span class='ocrx_word' id='word_1_56' title='bbox 166 833 319 910; x_wconf 71' lang='grc' dir='ltr'><strong><em>παιδείαις</em></strong></span> <span class='ocrx_word' id='word_1_57' title='bbox 332 833 520 918; x_wconf 79' lang='grc' dir='ltr'><strong><em>Ἑλληνικῆς,</em></strong></span> <span class='ocrx_word' id='word_1_58' title='bbox 541 831 596 898; x_wconf 80' lang='grc' dir='ltr'><strong><em>καί</em></strong></span> <span class='ocrx_word' id='word_1_59' title='bbox 614 832 634 919; x_wconf 82' lang='grc' dir='ltr'><em>ἢ</em></span> <span class='ocrx_word' id='word_1_60' title='bbox 656 833 770 898; x_wconf 77' lang='grc' dir='ltr'><strong><em>τούτου</em></strong></span> <span class='ocrx_word' id='word_1_61' title='bbox 789 827 956 916; x_wconf 77' lang='grc' dir='ltr'><strong><em>συγγραφὴ</em></strong></span> <span class='ocrx_word' id='word_1_62' title='bbox 975 833 1096 911; x_wconf 83' lang='grc' dir='ltr'><strong><em>μᾶλλον</em></strong></span> <span class='ocrx_word' id='word_1_63' title='bbox 1115 828 1258 914; x_wconf 73' lang='grc' dir='ltr'><strong><em>ὖπῆρχεν</em></strong></span> 
     </span>
     <span class='ocr_line' id='line_1_8' title="bbox 166 923 1258 1020; baseline -0.001 -26"><span class='ocrx_word' id='word_1_64' title='bbox 166 928 351 1017; x_wconf 68' lang='grc' dir='ltr'><strong><em>ἐπισφαλὴς</em></strong></span> <span class='ocrx_word' id='word_1_65' title='bbox 380 934 435 996; x_wconf 77' lang='grc' dir='ltr'><strong><em>κατ’</em></strong></span> <span class='ocrx_word' id='word_1_66' title='bbox 464 930 670 1020; x_wconf 77' lang='grc' dir='ltr'><strong><em>ἐπιλῆψιμος,</em></strong></span> <span class='ocrx_word' id='word_1_67' title='bbox 702 924 789 1012; x_wconf 78' lang='grc' dir='ltr'><strong><em>ὅμως</em></strong></span> <span class='ocrx_word' id='word_1_68' title='bbox 816 926 962 1014; x_wconf 77' lang='grc' dir='ltr'><strong><em>ἐπαινετῆ</em></strong></span> <span class='ocrx_word' id='word_1_69' title='bbox 982 933 1038 993; x_wconf 76' lang='grc' dir='ltr'><strong><em>κατ’</em></strong></span> <span class='ocrx_word' id='word_1_70' title='bbox 1066 923 1189 1012; x_wconf 80' lang='grc' dir='ltr'><strong><em>ἆληθῆς</em></strong></span> <span class='ocrx_word' id='word_1_71' title='bbox 1215 927 1258 1015; x_wconf 76' lang='grc' dir='ltr'><strong>τῷ</strong></span> 
     </span>
     <span class='ocr_line' id='line_1_9' title="bbox 166 1021 1258 1117; baseline -0.003 -24"><span class='ocrx_word' id='word_1_72' title='bbox 166 1031 306 1113; x_wconf 77' lang='grc' dir='ltr'><strong><em>θεοσεβῆ</em></strong></span> <span class='ocrx_word' id='word_1_73' title='bbox 326 1025 408 1095; x_wconf 80' lang='grc' dir='ltr'><strong><em>εἶναι</em></strong></span> <span class='ocrx_word' id='word_1_74' title='bbox 428 1028 485 1097; x_wconf 77' lang='grc' dir='ltr'><strong>τὸν</strong></span> <span class='ocrx_word' id='word_1_75' title='bbox 507 1025 609 1117; x_wconf 77' lang='grc' dir='ltr'><strong><em>ἄνδρα</em></strong></span> <span class='ocrx_word' id='word_1_76' title='bbox 630 1031 684 1095; x_wconf 76' lang='grc' dir='ltr'><strong><em>κατ’</em></strong></span> <span class='ocrx_word' id='word_1_77' title='bbox 702 1028 866 1115; x_wconf 77' lang='grc' dir='ltr'><strong><em>ἐνάρετον.</em></strong></span> <span class='ocrx_word' id='word_1_78' title='bbox 905 1029 1023 1113; x_wconf 87' lang='grc' dir='ltr'><strong><em>ταύτην</em></strong></span> <span class='ocrx_word' id='word_1_79' title='bbox 1043 1028 1133 1112; x_wconf 72' lang='grc' dir='ltr'><strong><em>ἡμεῖς</em></strong></span> <span class='ocrx_word' id='word_1_80' title='bbox 1150 1021 1258 1110; x_wconf 75' lang='grc' dir='ltr'><strong><em>εὗρόν-</em></strong></span> 
     </span>
     <span class='ocr_line' id='line_1_10' title="bbox 166 1123 1291 1217; baseline -0.007 -24"><span class='ocrx_word' id='word_1_81' title='bbox 166 1151 220 1205; x_wconf 86' lang='grc' dir='ltr'><strong>τες</strong></span> <span class='ocrx_word' id='word_1_82' title='bbox 240 1133 503 1214; x_wconf 75' lang='grc' dir='ltr'><strong><em>παρημελημένην</em></strong></span> <span class='ocrx_word' id='word_1_83' title='bbox 520 1126 679 1217; x_wconf 75' lang='grc' dir='ltr'><strong><em>τῷλόγῳ,</em></strong></span> <span class='ocrx_word' id='word_1_84' title='bbox 698 1127 753 1194; x_wconf 75' lang='grc' dir='ltr'><strong><em>κατ’</em></strong></span> <span class='ocrx_word' id='word_1_85' title='bbox 772 1126 816 1205; x_wconf 73' lang='grc' dir='ltr'><strong><em>ὥς</em></strong></span> <span class='ocrx_word' id='word_1_86' title='bbox 837 1128 872 1192; x_wconf 80' lang='grc' dir='ltr'><strong><em>ἒν</em></strong></span> <span class='ocrx_word' id='word_1_87' title='bbox 890 1123 973 1209; x_wconf 82' lang='grc' dir='ltr'><strong><em>ἴχνει</em></strong></span> <span class='ocrx_word' id='word_1_88' title='bbox 992 1130 1084 1203; x_wconf 80' lang='grc' dir='ltr'><strong><em>σκιᾶς</em></strong></span> <span class='ocrx_word' id='word_1_89' title='bbox 1110 1127 1291 1212; x_wconf 77' lang='grc' dir='ltr'><strong><em>ἄμυδροῖςλλ</em></strong></span> 
     </span>
     <span class='ocr_line' id='line_1_11' title="bbox 127 1223 1257 1312; baseline 0 -23"><span class='ocrx_word' id='word_1_90' title='bbox 127 1252 240 1302; x_wconf 69' lang='grc' dir='ltr'><strong><em>,οπως</em></strong></span> <span class='ocrx_word' id='word_1_91' title='bbox 259 1225 300 1292; x_wconf 72' lang='grc' dir='ltr'><strong>τὰ</strong></span> <span class='ocrx_word' id='word_1_92' title='bbox 323 1227 495 1312; x_wconf 80' lang='grc' dir='ltr'><strong><em>πράγματα</em></strong></span> <span class='ocrx_word' id='word_1_93' title='bbox 516 1229 784 1311; x_wconf 79' lang='grc' dir='ltr'><strong><em>διαχγέλλουσαν,</em></strong></span> <span class='ocrx_word' id='word_1_94' title='bbox 820 1223 878 1290; x_wconf 76' lang='grc' dir='ltr'><strong><em>καί</em></strong></span> <span class='ocrx_word' id='word_1_95' title='bbox 900 1227 984 1309; x_wconf 74' lang='grc' dir='ltr'><strong>μηδὲ</strong></span> <span class='ocrx_word' id='word_1_96' title='bbox 1011 1223 1048 1290; x_wconf 83' lang='grc' dir='ltr'><strong>τὸ</strong></span> <span class='ocrx_word' id='word_1_97' title='bbox 1074 1229 1132 1290; x_wconf 83' lang='grc' dir='ltr'><strong>τοῦ</strong></span> <span class='ocrx_word' id='word_1_98' title='bbox 1150 1228 1257 1309; x_wconf 90' lang='grc' dir='ltr'><strong><em>τρίτου</em></strong></span> 
     </span>
     <span class='ocr_line' id='line_1_12' title="bbox 166 1320 1259 1412; baseline -0.005 -19"><span class='ocrx_word' id='word_1_99' title='bbox 166 1330 289 1412; x_wconf 71' lang='grc' dir='ltr'><strong><em>μέρους</em></strong></span> <span class='ocrx_word' id='word_1_100' title='bbox 308 1329 382 1406; x_wconf 71' lang='grc' dir='ltr'><strong><em>τοῖν,</em></strong></span> <span class='ocrx_word' id='word_1_101' title='bbox 403 1321 508 1411; x_wconf 75' lang='grc' dir='ltr'><strong><em>ὥσπερ</em></strong></span> <span class='ocrx_word' id='word_1_102' title='bbox 530 1325 622 1410; x_wconf 77' lang='grc' dir='ltr'><strong><em>ἡμεῖς</em></strong></span> <span class='ocrx_word' id='word_1_103' title='bbox 641 1323 721 1411; x_wconf 82' lang='grc' dir='ltr'><strong><em>πρὸς</em></strong></span> <span class='ocrx_word' id='word_1_104' title='bbox 739 1323 776 1390; x_wconf 80' lang='grc' dir='ltr'><strong>τὸ</strong></span> <span class='ocrx_word' id='word_1_105' title='bbox 797 1320 993 1411; x_wconf 74' lang='grc' dir='ltr'><strong><em>σαφέστερόν</em></strong></span> <span class='ocrx_word' id='word_1_106' title='bbox 1017 1347 1053 1388; x_wconf 86' lang='grc' dir='ltr'><strong>τε</strong></span> <span class='ocrx_word' id='word_1_107' title='bbox 1072 1322 1129 1387; x_wconf 81' lang='grc' dir='ltr'><strong><em>καί</em></strong></span> <span class='ocrx_word' id='word_1_108' title='bbox 1146 1329 1259 1388; x_wconf 89' lang='grc' dir='ltr'><strong><em>πλατι-</em></strong></span> 
     </span>
     <span class='ocr_line' id='line_1_13' title="bbox 167 1419 1259 1510; baseline -0.004 -20"><span class='ocrx_word' id='word_1_109' title='bbox 167 1424 304 1510; x_wconf 80' lang='grc' dir='ltr'><strong><em>κοίτερον</em></strong></span> <span class='ocrx_word' id='word_1_110' title='bbox 323 1423 547 1509; x_wconf 76' lang='grc' dir='ltr'><strong><em>μετηγοὶχοαεν,</em></strong></span> <span class='ocrx_word' id='word_1_111' title='bbox 569 1420 716 1505; x_wconf 84' lang='grc' dir='ltr'><strong><em>ἔχουσαν,</em></strong></span> <span class='ocrx_word' id='word_1_112' title='bbox 738 1419 1012 1508; x_wconf 80' lang='grc' dir='ltr'><strong><em>συνεγραψείμεθά</em></strong></span> <span class='ocrx_word' id='word_1_113' title='bbox 1043 1445 1094 1488; x_wconf 92' lang='grc' dir='ltr'><strong>σοι</strong></span> <span class='ocrx_word' id='word_1_114' title='bbox 1113 1425 1172 1486; x_wconf 79' lang='grc' dir='ltr'><strong>τοῦ</strong></span> <span class='ocrx_word' id='word_1_115' title='bbox 1199 1447 1259 1486; x_wconf 83' lang='grc' dir='ltr'><strong>κσ-</strong></span> 
     </span>
     <span class='ocr_line' id='line_1_14' title="bbox 166 1520 1259 1607; baseline -0.004 -17"><span class='ocrx_word' id='word_1_116' title='bbox 166 1531 311 1590; x_wconf 86' lang='grc' dir='ltr'><strong><em>ταλιπεῖν</em></strong></span> <span class='ocrx_word' id='word_1_117' title='bbox 330 1525 376 1599; x_wconf 83' lang='grc' dir='ltr'><strong>εἷς</strong></span> <span class='ocrx_word' id='word_1_118' title='bbox 394 1521 582 1607; x_wconf 71' lang='grc' dir='ltr'><strong><em>ὑπόμνησιν.</em></strong></span> <span class='ocrx_word' id='word_1_119' title='bbox 613 1521 634 1607; x_wconf 81' lang='grc' dir='ltr'><em>ἦ</em></span> <span class='ocrx_word' id='word_1_120' title='bbox 656 1521 764 1588; x_wconf 91' lang='grc' dir='ltr'><strong><em>τοίνυν</em></strong></span> <span class='ocrx_word' id='word_1_121' title='bbox 782 1520 908 1607; x_wconf 70' lang='grc' dir='ltr'><strong><em>τοιαύτη</em></strong></span> <span class='ocrx_word' id='word_1_122' title='bbox 928 1526 992 1586; x_wconf 77' lang='grc' dir='ltr'><strong>τῶν</strong></span> <span class='ocrx_word' id='word_1_123' title='bbox 1010 1522 1182 1604; x_wconf 72' lang='grc' dir='ltr'><strong><em>βασιλικῶν</em></strong></span> <span class='ocrx_word' id='word_1_124' title='bbox 1200 1546 1259 1586; x_wconf 86' lang='grc' dir='ltr'><strong>τα-</strong></span> 
     </span>
     <span class='ocr_line' id='line_1_15' title="bbox 167 1619 1358 1708; baseline 0 -22"><span class='ocrx_word' id='word_1_125' title='bbox 167 1624 292 1702; x_wconf 81' lang='grc' dir='ltr'><strong><em>ξειδίων</em></strong></span> <span class='ocrx_word' id='word_1_126' title='bbox 312 1621 398 1701; x_wconf 78' lang='grc' dir='ltr'><strong><em>τάξις</em></strong></span> <span class='ocrx_word' id='word_1_127' title='bbox 417 1644 452 1686; x_wconf 83' lang='grc' dir='ltr'><strong>τε</strong></span> <span class='ocrx_word' id='word_1_128' title='bbox 472 1621 529 1685; x_wconf 85' lang='grc' dir='ltr'><strong><em>καί</em></strong></span> <span class='ocrx_word' id='word_1_129' title='bbox 545 1621 720 1686; x_wconf 72' lang='grc' dir='ltr'><strong><em>ἀκολουθία</em></strong></span> <span class='ocrx_word' id='word_1_130' title='bbox 741 1619 932 1708; x_wconf 74' lang='grc' dir='ltr'><strong><em>ἐφυλάττετο</em></strong></span> <span class='ocrx_word' id='word_1_131' title='bbox 952 1619 1008 1684; x_wconf 85' lang='grc' dir='ltr'><strong><em>καί</em></strong></span> <span class='ocrx_word' id='word_1_132' title='bbox 1025 1623 1182 1705; x_wconf 78' lang='grc' dir='ltr'><strong><em>ἐνηργεῖτο</em></strong></span> <span class='ocrx_word' id='word_1_133' title='bbox 1198 1625 1258 1698; x_wconf 72' lang='grc' dir='ltr'><strong><em>ἕως</em></strong></span> <span class='ocrx_word' id='word_1_134' title='bbox 1357 1668 1358 1671; x_wconf 23' lang='lat'>¹</span> 
     </span>
     <span class='ocr_line' id='line_1_16' title="bbox 126 1715 1257 1807; baseline -0.002 -19"><span class='ocrx_word' id='word_1_135' title='bbox 126 1717 308 1807; x_wconf 76' lang='grc' dir='ltr'><strong><em>τόΜιχοιῆλ</em></strong></span> <span class='ocrx_word' id='word_1_136' title='bbox 327 1723 386 1785; x_wconf 77' lang='grc' dir='ltr'><strong>τοῦ</strong></span> <span class='ocrx_word' id='word_1_137' title='bbox 407 1718 614 1806; x_wconf 86' lang='grc' dir='ltr'><strong><em>φιλαχρίστου</em></strong></span> <span class='ocrx_word' id='word_1_138' title='bbox 637 1717 809 1802; x_wconf 77' lang='grc' dir='ltr'><strong><em>δεσπότου,</em></strong></span> <span class='ocrx_word' id='word_1_139' title='bbox 839 1717 896 1784; x_wconf 77' lang='grc' dir='ltr'><strong><em>καί</em></strong></span> <span class='ocrx_word' id='word_1_140' title='bbox 914 1719 1028 1806; x_wconf 79' lang='grc' dir='ltr'><strong><em>Βάρδα</em></strong></span> <span class='ocrx_word' id='word_1_141' title='bbox 1047 1723 1106 1784; x_wconf 80' lang='grc' dir='ltr'><strong>τοῦ</strong></span> <span class='ocrx_word' id='word_1_142' title='bbox 1125 1715 1257 1806; x_wconf 51' lang='lat' dir='ltr'><strong>crisopr-</strong></span> 
     </span>
     <span class='ocr_line' id='line_1_17' title="bbox 168 1816 1368 1907; baseline 0.002 -22"><span class='ocrx_word' id='word_1_143' title='bbox 168 1816 283 1885; x_wconf 81' lang='grc' dir='ltr'><strong><em>στάτου</em></strong></span> <span class='ocrx_word' id='word_1_144' title='bbox 305 1820 455 1905; x_wconf 85' lang='grc' dir='ltr'><strong><em>καίσαρος</em></strong></span> <span class='ocrx_word' id='word_1_145' title='bbox 475 1823 531 1883; x_wconf 83' lang='grc' dir='ltr'><strong><em>καί</em></strong></span> <span class='ocrx_word' id='word_1_146' title='bbox 548 1818 639 1883; x_wconf 83' lang='grc' dir='ltr'><strong><em>θείου</em></strong></span> <span class='ocrx_word' id='word_1_147' title='bbox 661 1819 774 1900; x_wconf 70' lang='grc' dir='ltr'><strong><em>αὐτοῦ,</em></strong></span> <span class='ocrx_word' id='word_1_148' title='bbox 796 1817 859 1882; x_wconf 74' lang='lat' dir='ltr'><strong>utut</strong></span> <span class='ocrx_word' id='word_1_149' title='bbox 879 1820 945 1884; x_wconf 79' lang='grc' dir='ltr'><strong><em>τῶν</em></strong></span> <span class='ocrx_word' id='word_1_150' title='bbox 964 1823 1183 1905; x_wconf 83' lang='grc' dir='ltr'><strong><em>παλαιοτέρων</em></strong></span> <span class='ocrx_word' id='word_1_151' title='bbox 1197 1825 1259 1901; x_wconf 79' lang='grc' dir='ltr'><strong><em>βα·</em></strong></span> <span class='ocrx_word' id='word_1_152' title='bbox 1283 1865 1289 1907; x_wconf 82' lang='grc'><strong><em>,</em></strong></span> <span class='ocrx_word' id='word_1_153' title='bbox 1363 1872 1368 1887; x_wconf 95' lang='grc'><strong><em>.</em></strong></span> 
     </span>
     <span class='ocr_line' id='line_1_18' title="bbox 168 1911 1288 2003; baseline 0.001 -21"><span class='ocrx_word' id='word_1_154' title='bbox 168 1917 284 1983; x_wconf 64' lang='lat' dir='ltr'><strong>nauus</strong></span> <span class='ocrx_word' id='word_1_155' title='bbox 302 1915 470 2002; x_wconf 74' lang='grc' dir='ltr'><strong><em>ἡτοιαύτη</em></strong></span> <span class='ocrx_word' id='word_1_156' title='bbox 491 1914 636 2002; x_wconf 76' lang='grc' dir='ltr'><strong><em>δηλονότι</em></strong></span> <span class='ocrx_word' id='word_1_157' title='bbox 656 1916 835 2000; x_wconf 71' lang='grc' dir='ltr'><strong><em>παράδοσις</em></strong></span> <span class='ocrx_word' id='word_1_158' title='bbox 850 1913 929 2003; x_wconf 86' lang='grc' dir='ltr'><strong><em>πρὸς</em></strong></span> <span class='ocrx_word' id='word_1_159' title='bbox 950 1915 1065 1994; x_wconf 69' lang='grc' dir='ltr'><strong><em>αὐτοὺς</em></strong></span> <span class='ocrx_word' id='word_1_160' title='bbox 1085 1923 1259 2000; x_wconf 84' lang='grc' dir='ltr'><strong><em>καταχθεῖ·</em></strong></span> <span class='ocrx_word' id='word_1_161' title='bbox 1284 1911 1288 1920; x_wconf 66' lang='grc'><strong>’</strong></span> 
     </span>
     <span class='ocr_line' id='line_1_19' title="bbox 167 2013 1285 2102; baseline 0.002 -22"><span class='ocrx_word' id='word_1_162' title='bbox 167 2039 228 2096; x_wconf 89' lang='grc' dir='ltr'><strong><em>σα,</em></strong></span> <span class='ocrx_word' id='word_1_163' title='bbox 262 2013 419 2100; x_wconf 84' lang='grc' dir='ltr'><strong><em>Θεοφίλου</em></strong></span> <span class='ocrx_word' id='word_1_164' title='bbox 448 2039 483 2079; x_wconf 86' lang='grc' dir='ltr'><strong>τε</strong></span> <span class='ocrx_word' id='word_1_165' title='bbox 512 2019 567 2080; x_wconf 81' lang='grc' dir='ltr'><strong><em>καί</em></strong></span> <span class='ocrx_word' id='word_1_166' title='bbox 587 2013 727 2098; x_wconf 84' lang='grc' dir='ltr'><strong><em>Μιχαῆλ</em></strong></span> <span class='ocrx_word' id='word_1_167' title='bbox 746 2017 806 2079; x_wconf 77' lang='grc' dir='ltr'><strong>τοῦ</strong></span> <span class='ocrx_word' id='word_1_168' title='bbox 831 2013 953 2102; x_wconf 82' lang='grc' dir='ltr'><strong><em>πατρὸς</em></strong></span> <span class='ocrx_word' id='word_1_169' title='bbox 972 2013 1176 2081; x_wconf 68' lang='lat' dir='ltr'><strong>saturianus</strong></span> <span class='ocrx_word' id='word_1_170' title='bbox 1196 2019 1285 2088; x_wconf 64' lang='lat' dir='ltr'><strong>ruric</strong></span> 
     </span>
     <span class='ocr_line' id='line_1_20' title="bbox 167 2109 1259 2200; baseline 0 -21"><span class='ocrx_word' id='word_1_171' title='bbox 167 2109 271 2179; x_wconf 74' lang='lat' dir='ltr'><strong>orituri</strong></span> <span class='ocrx_word' id='word_1_172' title='bbox 289 2110 430 2198; x_wconf 84' lang='grc' dir='ltr'><strong><em>Μιχαῆλ</em></strong></span> <span class='ocrx_word' id='word_1_173' title='bbox 450 2116 508 2178; x_wconf 79' lang='grc' dir='ltr'><strong>τοῦ</strong></span> <span class='ocrx_word' id='word_1_174' title='bbox 528 2115 738 2200; x_wconf 86' lang='grc' dir='ltr'><strong><em>φιλοχρίστου</em></strong></span> <span class='ocrx_word' id='word_1_175' title='bbox 760 2112 931 2180; x_wconf 82' lang='grc' dir='ltr'><strong><em>δεσπότου·</em></strong></span> <span class='ocrx_word' id='word_1_176' title='bbox 971 2114 1124 2192; x_wconf 61' lang='lat' dir='ltr'><strong>donicus</strong></span> <span class='ocrx_word' id='word_1_177' title='bbox 1145 2117 1181 2180; x_wconf 77' lang='grc' dir='ltr'><strong>δὲ</strong></span> <span class='ocrx_word' id='word_1_178' title='bbox 1201 2115 1259 2179; x_wconf 71' lang='grc' dir='ltr'><strong>κᾶ-</strong></span> 
     </span>
     <span class='ocr_line' id='line_1_21' title="bbox 124 2210 1259 2300; baseline -0.004 -18"><span class='ocrx_word' id='word_1_179' title='bbox 124 2214 280 2290; x_wconf 75' lang='grc' dir='ltr'><strong><em>αακείνοις</em></strong></span> <span class='ocrx_word' id='word_1_180' title='bbox 300 2213 336 2276; x_wconf 73' lang='grc' dir='ltr'><strong>ἐκ</strong></span> <span class='ocrx_word' id='word_1_181' title='bbox 355 2213 419 2277; x_wconf 81' lang='grc' dir='ltr'><strong>τιόν</strong></span> <span class='ocrx_word' id='word_1_182' title='bbox 438 2215 601 2298; x_wconf 84' lang='grc' dir='ltr'><strong><em>προτέρων</em></strong></span> <span class='ocrx_word' id='word_1_183' title='bbox 621 2214 779 2296; x_wconf 75' lang='grc' dir='ltr'><strong><em>βασιλέων</em></strong></span> <span class='ocrx_word' id='word_1_184' title='bbox 799 2215 885 2299; x_wconf 81' lang='grc' dir='ltr'><strong><em>φημί</em></strong></span> <span class='ocrx_word' id='word_1_185' title='bbox 907 2212 967 2298; x_wconf 85' lang='grc' dir='ltr'><strong>τῆν</strong></span> <span class='ocrx_word' id='word_1_186' title='bbox 985 2214 1136 2299; x_wconf 78' lang='grc' dir='ltr'><strong><em>τοιαύτην</em></strong></span> <span class='ocrx_word' id='word_1_187' title='bbox 1155 2210 1259 2300; x_wconf 79' lang='grc' dir='ltr'><strong><em>παρά·</em></strong></span> 
     </span>
     <span class='ocr_line' id='line_1_22' title="bbox 167 2307 1258 2403; baseline 0.002 -25"><span class='ocrx_word' id='word_1_188' title='bbox 167 2314 255 2380; x_wconf 79' lang='grc' dir='ltr'><strong><em>δοσιν</em></strong></span> <span class='ocrx_word' id='word_1_189' title='bbox 273 2315 448 2378; x_wconf 72' lang='grc' dir='ltr'><strong><em>κατελθεῖν.</em></strong></span> <span class='ocrx_word' id='word_1_190' title='bbox 487 2315 717 2400; x_wconf 82' lang='grc' dir='ltr'><strong><em>παλαιοτέρους</em></strong></span> <span class='ocrx_word' id='word_1_191' title='bbox 737 2311 775 2378; x_wconf 79' lang='grc' dir='ltr'><strong>δέ</strong></span> <span class='ocrx_word' id='word_1_192' title='bbox 794 2335 878 2400; x_wconf 84' lang='grc' dir='ltr'><strong><em>φημι</em></strong></span> <span class='ocrx_word' id='word_1_193' title='bbox 895 2312 970 2390; x_wconf 77' lang='grc' dir='ltr'><strong><em>τους</em></strong></span> <span class='ocrx_word' id='word_1_194' title='bbox 989 2307 1161 2403; x_wconf 67' lang='lat' dir='ltr'><strong>’Incipere</strong></span> <span class='ocrx_word' id='word_1_195' title='bbox 1178 2315 1258 2380; x_wconf 74' lang='grc' dir='ltr'><strong><em>ἐκεί-</em></strong></span> 
     </span>
    </p>
   </div>
   <div class='ocr_carea' id='block_1_3' title="bbox 54 2499 1284 4052">
    <p class='ocr_par' dir='ltr' id='par_1_3' title="bbox 166 2499 1254 2573">
     <span class='ocr_line' id='line_1_23' title="bbox 166 2499 1254 2573; baseline 0.001 -23"><span class='ocrx_word' id='word_1_196' title='bbox 166 2499 283 2553; x_wconf 78' lang='lat' dir='ltr'><strong>barbara</strong></span> <span class='ocrx_word' id='word_1_197' title='bbox 308 2508 392 2573; x_wconf 79' lang='lat' dir='ltr'><strong>atque</strong></span> <span class='ocrx_word' id='word_1_198' title='bbox 409 2502 532 2565; x_wconf 83' lang='lat' dir='ltr'><strong>soloecs,</strong></span> <span class='ocrx_word' id='word_1_199' title='bbox 550 2516 714 2573; x_wconf 81' lang='lat' dir='ltr'><strong>omnemque</strong></span> <span class='ocrx_word' id='word_1_200' title='bbox 738 2502 912 2554; x_wconf 86' lang='lat' dir='ltr'><strong>commiscuit</strong></span> <span class='ocrx_word' id='word_1_201' title='bbox 932 2500 1073 2567; x_wconf 83' lang='lat' dir='ltr'><strong>ordinem,</strong></span> <span class='ocrx_word' id='word_1_202' title='bbox 1090 2516 1173 2572; x_wconf 84' lang='lat' dir='ltr'><strong>quem</strong></span> <span class='ocrx_word' id='word_1_203' title='bbox 1189 2514 1254 2569; x_wconf 80' lang='lat' dir='ltr'><strong>pcn-</strong></span> 
     </span>
    </p>

    <p class='ocr_par' dir='ltr' id='par_1_4' title="bbox 141 2570 1255 2713">
     <span class='ocr_line' id='line_1_24' title="bbox 141 2570 1255 2643; baseline -0.002 -21"><span class='ocrx_word' id='word_1_204' title='bbox 141 2570 144 2573; x_wconf 78' lang='grc'><strong>’</strong></span> <span class='ocrx_word' id='word_1_205' title='bbox 166 2571 259 2638; x_wconf 75' lang='grc' dir='ltr'><strong><em>τρίτου</em></strong></span> <span class='ocrx_word' id='word_1_206' title='bbox 276 2570 370 2623; x_wconf 82' lang='lat' dir='ltr'><strong>futura</strong></span> <span class='ocrx_word' id='word_1_207' title='bbox 387 2580 415 2624; x_wconf 89' lang='lat' dir='ltr'><strong>et</strong></span> <span class='ocrx_word' id='word_1_208' title='bbox 431 2574 605 2643; x_wconf 78' lang='lat' dir='ltr'><strong>grammatica</strong></span> <span class='ocrx_word' id='word_1_209' title='bbox 613 2575 760 2630; x_wconf 81' lang='lat' dir='ltr'><strong>verborum</strong></span> <span class='ocrx_word' id='word_1_210' title='bbox 777 2574 944 2624; x_wconf 76' lang='lat' dir='ltr'>constructio</span> <span class='ocrx_word' id='word_1_211' title='bbox 959 2574 1072 2641; x_wconf 76' lang='lat' dir='ltr'><strong>llsgitst.</strong></span> <span class='ocrx_word' id='word_1_212' title='bbox 1108 2572 1174 2623; x_wconf 84' lang='lat' dir='ltr'><strong>lirnt</strong></span> <span class='ocrx_word' id='word_1_213' title='bbox 1188 2586 1255 2640; x_wconf 86' lang='lat' dir='ltr'><strong>pro·</strong></span> 
     </span>
     <span class='ocr_line' id='line_1_25' title="bbox 165 2639 1254 2713; baseline 0 -21"><span class='ocrx_word' id='word_1_214' title='bbox 165 2639 238 2692; x_wconf 79' lang='lat' dir='ltr'><strong>lecto</strong></span> <span class='ocrx_word' id='word_1_215' title='bbox 255 2642 312 2705; x_wconf 80' lang='lat' dir='ltr'><strong>vir,</strong></span> <span class='ocrx_word' id='word_1_216' title='bbox 331 2650 361 2693; x_wconf 93' lang='lat' dir='ltr'><strong>ut</strong></span> <span class='ocrx_word' id='word_1_217' title='bbox 377 2644 433 2695; x_wconf 77' lang='lat' dir='ltr'><strong>vitu</strong></span> <span class='ocrx_word' id='word_1_218' title='bbox 452 2646 511 2695; x_wconf 85' lang='lat' dir='ltr'><strong>eius</strong></span> <span class='ocrx_word' id='word_1_219' title='bbox 523 2645 700 2713; x_wconf 77' lang='lat' dir='ltr'><strong>monstravit,</strong></span> <span class='ocrx_word' id='word_1_220' title='bbox 717 2644 771 2699; x_wconf 88' lang='lat' dir='ltr'><strong>Dei</strong></span> <span class='ocrx_word' id='word_1_221' title='bbox 788 2658 914 2695; x_wconf 78' lang='lat' dir='ltr'><strong>reverens</strong></span> <span class='ocrx_word' id='word_1_222' title='bbox 936 2650 965 2693; x_wconf 89' lang='lat' dir='ltr'><strong>et</strong></span> <span class='ocrx_word' id='word_1_223' title='bbox 981 2641 1165 2711; x_wconf 72' lang='lat' dir='ltr'><strong>cupiditatum</strong></span> <span class='ocrx_word' id='word_1_224' title='bbox 1194 2656 1254 2692; x_wconf 89' lang='lat' dir='ltr'><strong>non</strong></span> 
     </span>
    </p>

    <p class='ocr_par' dir='ltr' id='par_1_5' title="bbox 54 2709 1255 2927">
     <span class='ocr_line' id='line_1_26' title="bbox 54 2709 1255 2785; baseline 0 -22"><span class='ocrx_word' id='word_1_225' title='bbox 54 2716 57 2723; x_wconf 86' lang='lat'>&#39;</span> <span class='ocrx_word' id='word_1_226' title='bbox 165 2712 263 2773; x_wconf 79' lang='lat' dir='ltr'><strong>carnis,</strong></span> <span class='ocrx_word' id='word_1_227' title='bbox 275 2712 323 2764; x_wconf 87' lang='lat' dir='ltr'><strong>sed</strong></span> <span class='ocrx_word' id='word_1_228' title='bbox 341 2712 455 2781; x_wconf 90' lang='lat' dir='ltr'><strong>spiritus</strong></span> <span class='ocrx_word' id='word_1_229' title='bbox 478 2722 632 2766; x_wconf 77' lang='lat' dir='ltr'><strong>assectator.</strong></span> <span class='ocrx_word' id='word_1_230' title='bbox 649 2716 752 2771; x_wconf 84' lang='lat' dir='ltr'><strong>Verum</strong></span> <span class='ocrx_word' id='word_1_231' title='bbox 769 2728 804 2766; x_wconf 83' lang='lat' dir='ltr'><strong>ex</strong></span> <span class='ocrx_word' id='word_1_232' title='bbox 820 2728 863 2777; x_wconf 87' lang='lat' dir='ltr'><strong>co,</strong></span> <span class='ocrx_word' id='word_1_233' title='bbox 880 2712 956 2785; x_wconf 88' lang='lat' dir='ltr'><strong>qnod</strong></span> <span class='ocrx_word' id='word_1_234' title='bbox 972 2714 1115 2774; x_wconf 79' lang='lat' dir='ltr'>Graecam,</span> <span class='ocrx_word' id='word_1_235' title='bbox 1132 2718 1164 2763; x_wconf 90' lang='lat' dir='ltr'><strong>nt</strong></span> <span class='ocrx_word' id='word_1_236' title='bbox 1180 2709 1255 2762; x_wconf 80' lang='lat' dir='ltr'><strong>dixt-</strong></span> 
     </span>
     <span class='ocr_line' id='line_1_27' title="bbox 164 2780 1254 2854; baseline 0 -21"><span class='ocrx_word' id='word_1_237' title='bbox 164 2796 239 2845; x_wconf 87' lang='lat' dir='ltr'><strong>nrus,</strong></span> <span class='ocrx_word' id='word_1_238' title='bbox 262 2781 447 2835; x_wconf 78' lang='lat' dir='ltr'><strong>litteraturam</strong></span> <span class='ocrx_word' id='word_1_239' title='bbox 471 2800 528 2835; x_wconf 90' lang='lat' dir='ltr'><strong>non</strong></span> <span class='ocrx_word' id='word_1_240' title='bbox 550 2785 714 2853; x_wconf 70' lang='lat' dir='ltr'><strong>delibasset,</strong></span> <span class='ocrx_word' id='word_1_241' title='bbox 745 2784 878 2854; x_wconf 74' lang='lat' dir='ltr'><strong>contigit,</strong></span> <span class='ocrx_word' id='word_1_242' title='bbox 901 2791 933 2834; x_wconf 88' lang='lat' dir='ltr'><strong>ut</strong></span> <span class='ocrx_word' id='word_1_243' title='bbox 956 2783 1135 2851; x_wconf 74' lang='lat' dir='ltr'><strong>scriptionem</strong></span> <span class='ocrx_word' id='word_1_244' title='bbox 1157 2780 1254 2833; x_wconf 78' lang='lat' dir='ltr'><strong>ederet</strong></span> 
     </span>
     <span class='ocr_line' id='line_1_28' title="bbox 165 2849 1251 2927; baseline -0.002 -23"><span class='ocrx_word' id='word_1_245' title='bbox 165 2849 372 2922; x_wconf 75' lang='lat' dir='ltr'><strong>reprehensioni</strong></span> <span class='ocrx_word' id='word_1_246' title='bbox 391 2852 558 2918; x_wconf 74' lang='lat' dir='ltr'><strong>obnoxiam,</strong></span> <span class='ocrx_word' id='word_1_247' title='bbox 575 2862 603 2906; x_wconf 90' lang='lat' dir='ltr'><strong>et</strong></span> <span class='ocrx_word' id='word_1_248' title='bbox 620 2874 692 2926; x_wconf 81' lang='lat' dir='ltr'><strong>quae</strong></span> <span class='ocrx_word' id='word_1_249' title='bbox 708 2856 797 2927; x_wconf 78' lang='lat' dir='ltr'><strong>possit</strong></span> <span class='ocrx_word' id='word_1_250' title='bbox 817 2853 933 2905; x_wconf 86' lang='lat' dir='ltr'><strong>lectores</strong></span> <span class='ocrx_word' id='word_1_251' title='bbox 956 2854 986 2904; x_wconf 91' lang='lat' dir='ltr'><strong>in</strong></span> <span class='ocrx_word' id='word_1_252' title='bbox 1007 2869 1112 2904; x_wconf 84' lang='lat' dir='ltr'><strong>errores</strong></span> <span class='ocrx_word' id='word_1_253' title='bbox 1130 2851 1251 2903; x_wconf 82' lang='lat' dir='ltr'><strong>coniice-</strong></span> 
     </span>
    </p>

    <p class='ocr_par' dir='ltr' id='par_1_6' title="bbox 165 2921 1250 2995">
     <span class='ocr_line' id='line_1_29' title="bbox 165 2921 1250 2995; baseline -0.001 -21"><span class='ocrx_word' id='word_1_254' title='bbox 165 2937 201 2974; x_wconf 87' lang='lat' dir='ltr'><strong>re.</strong></span> <span class='ocrx_word' id='word_1_255' title='bbox 237 2924 285 2973; x_wconf 86' lang='lat' dir='ltr'><strong>Est</strong></span> <span class='ocrx_word' id='word_1_256' title='bbox 302 2921 484 2975; x_wconf 87' lang='lat' dir='ltr'><strong>nihilominus</strong></span> <span class='ocrx_word' id='word_1_257' title='bbox 502 2924 583 2975; x_wconf 79' lang='lat' dir='ltr'><strong>laude</strong></span> <span class='ocrx_word' id='word_1_258' title='bbox 601 2925 682 2995; x_wconf 80' lang='lat' dir='ltr'><strong>digna</strong></span> <span class='ocrx_word' id='word_1_259' title='bbox 708 2927 851 2993; x_wconf 74' lang='lat' dir='ltr'><strong>traditque</strong></span> <span class='ocrx_word' id='word_1_260' title='bbox 873 2940 952 2991; x_wconf 70' lang='grc' dir='ltr'><strong><em>τιτι,</em></strong></span> <span class='ocrx_word' id='word_1_261' title='bbox 969 2924 1053 2994; x_wconf 85' lang='lat' dir='ltr'><strong>quale</strong></span> <span class='ocrx_word' id='word_1_262' title='bbox 1070 2923 1140 2994; x_wconf 87' lang='lat' dir='ltr'><strong>quid</strong></span> <span class='ocrx_word' id='word_1_263' title='bbox 1156 2939 1171 2973; x_wconf 82' lang='lat' dir='ltr'><strong>s</strong></span> <span class='ocrx_word' id='word_1_264' title='bbox 1189 2923 1250 2975; x_wconf 85' lang='lat' dir='ltr'><strong>viro</strong></span> 
     </span>
    </p>

    <p class='ocr_par' dir='ltr' id='par_1_7' title="bbox 164 2991 1252 3137">
     <span class='ocr_line' id='line_1_30' title="bbox 164 2991 1251 3064; baseline -0.003 -19"><span class='ocrx_word' id='word_1_265' title='bbox 164 2991 217 3045; x_wconf 88' lang='lat' dir='ltr'><strong>Dei</strong></span> <span class='ocrx_word' id='word_1_266' title='bbox 237 3001 378 3044; x_wconf 86' lang='lat' dir='ltr'><strong>reverente</strong></span> <span class='ocrx_word' id='word_1_267' title='bbox 400 3001 429 3045; x_wconf 87' lang='lat' dir='ltr'><strong>et</strong></span> <span class='ocrx_word' id='word_1_268' title='bbox 456 2994 565 3045; x_wconf 87' lang='lat' dir='ltr'><strong>virtutis</strong></span> <span class='ocrx_word' id='word_1_269' title='bbox 589 2996 713 3048; x_wconf 87' lang='lat' dir='ltr'><strong>studioso</strong></span> <span class='ocrx_word' id='word_1_270' title='bbox 736 3002 883 3062; x_wconf 82' lang='lat' dir='ltr'><strong>exspectes.</strong></span> <span class='ocrx_word' id='word_1_271' title='bbox 929 2994 984 3045; x_wconf 73' lang='lat' dir='ltr'><strong>Has</strong></span> <span class='ocrx_word' id='word_1_272' title='bbox 1009 2995 1105 3064; x_wconf 70' lang='lat' dir='ltr'><strong>itaque</strong></span> <span class='ocrx_word' id='word_1_273' title='bbox 1127 2993 1251 3062; x_wconf 75' lang='lat' dir='ltr'><strong>magistri</strong></span> 
     </span>
     <span class='ocr_line' id='line_1_31' title="bbox 165 3060 1252 3137; baseline 0 -24"><span class='ocrx_word' id='word_1_274' title='bbox 165 3060 276 3113; x_wconf 78' lang='lat' dir='ltr'><strong>schedas</strong></span> <span class='ocrx_word' id='word_1_275' title='bbox 294 3062 359 3113; x_wconf 86' lang='lat' dir='ltr'><strong>stilo</strong></span> <span class='ocrx_word' id='word_1_276' title='bbox 378 3064 489 3115; x_wconf 88' lang='lat' dir='ltr'><strong>rudiorc</strong></span> <span class='ocrx_word' id='word_1_277' title='bbox 507 3072 535 3117; x_wconf 88' lang='lat' dir='ltr'><strong>et</strong></span> <span class='ocrx_word' id='word_1_278' title='bbox 560 3066 743 3135; x_wconf 77' lang='lat' dir='ltr'><strong>negligentiae</strong></span> <span class='ocrx_word' id='word_1_279' title='bbox 761 3067 846 3137; x_wconf 88' lang='lat' dir='ltr'><strong>pleno</strong></span> <span class='ocrx_word' id='word_1_280' title='bbox 865 3072 989 3116; x_wconf 73' lang='lat' dir='ltr'><strong>exaratas</strong></span> <span class='ocrx_word' id='word_1_281' title='bbox 1006 3082 1092 3134; x_wconf 86' lang='lat' dir='ltr'><strong>quum</strong></span> <span class='ocrx_word' id='word_1_282' title='bbox 1109 3072 1252 3133; x_wconf 70' lang='lat' dir='ltr'><strong>practerea</strong></span> 
     </span>
    </p>

    <p class='ocr_par' dir='ltr' id='par_1_8' title="bbox 165 3131 1253 3277">
     <span class='ocr_line' id='line_1_32' title="bbox 165 3131 1253 3205; baseline 0 -22"><span class='ocrx_word' id='word_1_283' title='bbox 165 3139 193 3183; x_wconf 93' lang='lat' dir='ltr'><strong>et</strong></span> <span class='ocrx_word' id='word_1_284' title='bbox 208 3147 308 3200; x_wconf 80' lang='lat' dir='ltr'><strong>paucus</strong></span> <span class='ocrx_word' id='word_1_285' title='bbox 325 3147 385 3183; x_wconf 86' lang='lat' dir='ltr'><strong>csse</strong></span> <span class='ocrx_word' id='word_1_286' title='bbox 401 3131 565 3197; x_wconf 84' lang='lat' dir='ltr'><strong>videremus,</strong></span> <span class='ocrx_word' id='word_1_287' title='bbox 583 3135 659 3205; x_wconf 83' lang='lat' dir='ltr'><strong>(narn</strong></span> <span class='ocrx_word' id='word_1_288' title='bbox 676 3138 831 3189; x_wconf 68' lang='lat' dir='ltr'><strong>uersutiam</strong></span> <span class='ocrx_word' id='word_1_289' title='bbox 849 3133 962 3205; x_wconf 86' lang='lat' dir='ltr'><strong>quidem</strong></span> <span class='ocrx_word' id='word_1_290' title='bbox 976 3143 1186 3205; x_wconf 83' lang='lat' dir='ltr'><strong>purtemeorum</strong></span> <span class='ocrx_word' id='word_1_291' title='bbox 1203 3149 1253 3183; x_wconf 79' lang='lat' dir='ltr'><strong>se-</strong></span> 
     </span>
     <span class='ocr_line' id='line_1_33' title="bbox 168 3200 1252 3277; baseline 0.001 -24"><span class='ocrx_word' id='word_1_292' title='bbox 168 3200 309 3273; x_wconf 83' lang='lat' dir='ltr'><strong>quabant,</strong></span> <span class='ocrx_word' id='word_1_293' title='bbox 336 3218 407 3274; x_wconf 78' lang='lat' dir='ltr'><strong>quse</strong></span> <span class='ocrx_word' id='word_1_294' title='bbox 429 3220 478 3254; x_wconf 87' lang='lat' dir='ltr'><strong>nos</strong></span> <span class='ocrx_word' id='word_1_295' title='bbox 507 3206 537 3255; x_wconf 89' lang='lat' dir='ltr'><strong>in</strong></span> <span class='ocrx_word' id='word_1_296' title='bbox 554 3204 597 3257; x_wconf 84' lang='lat' dir='ltr'><strong>his</strong></span> <span class='ocrx_word' id='word_1_297' title='bbox 616 3206 716 3259; x_wconf 84' lang='lat' dir='ltr'><strong>chortis</strong></span> <span class='ocrx_word' id='word_1_298' title='bbox 734 3207 880 3277; x_wconf 84' lang='lat' dir='ltr'><strong>perspicuo</strong></span> <span class='ocrx_word' id='word_1_299' title='bbox 896 3206 981 3277; x_wconf 77' lang='lat' dir='ltr'><strong>magis</strong></span> <span class='ocrx_word' id='word_1_300' title='bbox 998 3213 1028 3257; x_wconf 88' lang='lat' dir='ltr'><strong>ct</strong></span> <span class='ocrx_word' id='word_1_301' title='bbox 1043 3205 1177 3273; x_wconf 80' lang='lat' dir='ltr'><strong>ampliore</strong></span> <span class='ocrx_word' id='word_1_302' title='bbox 1193 3220 1252 3254; x_wconf 89' lang='lat' dir='ltr'><strong>ser-</strong></span> 
     </span>
    </p>

    <p class='ocr_par' dir='ltr' id='par_1_9' title="bbox 162 3274 1253 3415">
     <span class='ocr_line' id='line_1_34' title="bbox 163 3274 1253 3345; baseline 0.001 -22"><span class='ocrx_word' id='word_1_303' title='bbox 163 3288 244 3324; x_wconf 89' lang='lat' dir='ltr'><strong>rnone</strong></span> <span class='ocrx_word' id='word_1_304' title='bbox 269 3274 469 3343; x_wconf 63' lang='lat' dir='ltr'><strong>exposuimus)</strong></span> <span class='ocrx_word' id='word_1_305' title='bbox 491 3282 519 3325; x_wconf 90' lang='lat' dir='ltr'><strong>et</strong></span> <span class='ocrx_word' id='word_1_306' title='bbox 545 3290 636 3327; x_wconf 89' lang='lat' dir='ltr'><strong>rerum</strong></span> <span class='ocrx_word' id='word_1_307' title='bbox 659 3285 767 3330; x_wconf 85' lang='lat' dir='ltr'><strong>tuntum</strong></span> <span class='ocrx_word' id='word_1_308' title='bbox 789 3276 905 3328; x_wconf 78' lang='lat' dir='ltr'><strong>obscura</strong></span> <span class='ocrx_word' id='word_1_309' title='bbox 927 3278 1005 3330; x_wconf 83' lang='lat' dir='ltr'><strong>velut</strong></span> <span class='ocrx_word' id='word_1_310' title='bbox 1028 3275 1144 3345; x_wconf 76' lang='lat' dir='ltr'><strong>vestigia</strong></span> <span class='ocrx_word' id='word_1_311' title='bbox 1161 3281 1253 3325; x_wconf 85' lang='lat' dir='ltr'><strong>extre-</strong></span> 
     </span>
     <span class='ocr_line' id='line_1_35' title="bbox 162 3342 1252 3415; baseline 0 -20"><span class='ocrx_word' id='word_1_312' title='bbox 162 3358 275 3414; x_wconf 78' lang='lat' dir='ltr'><strong>masque</strong></span> <span class='ocrx_word' id='word_1_313' title='bbox 292 3342 380 3395; x_wconf 78' lang='lat' dir='ltr'><strong>lineas</strong></span> <span class='ocrx_word' id='word_1_314' title='bbox 397 3352 426 3396; x_wconf 86' lang='lat' dir='ltr'><strong>et</strong></span> <span class='ocrx_word' id='word_1_315' title='bbox 443 3344 554 3396; x_wconf 83' lang='lat' dir='ltr'><strong>umbras</strong></span> <span class='ocrx_word' id='word_1_316' title='bbox 571 3346 703 3399; x_wconf 79' lang='lat' dir='ltr'><strong>exhibere</strong></span> <span class='ocrx_word' id='word_1_317' title='bbox 720 3348 951 3415; x_wconf 76' lang='lat' dir='ltr'><strong>intelligeremus:</strong></span> <span class='ocrx_word' id='word_1_318' title='bbox 962 3346 1113 3400; x_wconf 82' lang='lat' dir='ltr'><strong>&#39;consilium</strong></span> <span class='ocrx_word' id='word_1_319' title='bbox 1129 3345 1252 3415; x_wconf 87' lang='lat' dir='ltr'><strong>cepimus</strong></span> 
     </span>
    </p>

    <p class='ocr_par' dir='ltr' id='par_1_10' title="bbox 164 3412 1253 3557">
     <span class='ocr_line' id='line_1_36' title="bbox 164 3412 1253 3488; baseline 0 -23"><span class='ocrx_word' id='word_1_320' title='bbox 164 3412 212 3465; x_wconf 90' lang='lat' dir='ltr'><strong>bos</strong></span> <span class='ocrx_word' id='word_1_321' title='bbox 241 3415 450 3466; x_wconf 79' lang='lat' dir='ltr'><strong>commentarios</strong></span> <span class='ocrx_word' id='word_1_322' title='bbox 477 3416 641 3469; x_wconf 83' lang='lat' dir='ltr'><strong>conficiendi</strong></span> <span class='ocrx_word' id='word_1_323' title='bbox 677 3425 705 3469; x_wconf 88' lang='lat' dir='ltr'><strong>et</strong></span> <span class='ocrx_word' id='word_1_324' title='bbox 726 3418 779 3471; x_wconf 89' lang='lat' dir='ltr'><strong>tibi</strong></span> <span class='ocrx_word' id='word_1_325' title='bbox 815 3425 936 3488; x_wconf 73' lang='lat' dir='ltr'><strong>terreque</strong></span> <span class='ocrx_word' id='word_1_326' title='bbox 980 3416 1130 3469; x_wconf 77' lang='lat' dir='ltr'><strong>memoriae</strong></span> <span class='ocrx_word' id='word_1_327' title='bbox 1165 3416 1253 3466; x_wconf 88' lang='lat' dir='ltr'><strong>relin-</strong></span> 
     </span>
     <span class='ocr_line' id='line_1_37' title="bbox 165 3480 1252 3557; baseline 0.001 -22"><span class='ocrx_word' id='word_1_328' title='bbox 165 3480 285 3555; x_wconf 64' lang='lat' dir='ltr'><strong>quendi</strong></span> <span class='ocrx_word' id='word_1_329' title='bbox 320 3485 396 3537; x_wconf 78' lang='lat' dir='ltr'><strong>Talis</strong></span> <span class='ocrx_word' id='word_1_330' title='bbox 418 3486 523 3555; x_wconf 74' lang='lat' dir='ltr'><strong>itaque,</strong></span> <span class='ocrx_word' id='word_1_331' title='bbox 540 3486 651 3556; x_wconf 81' lang='lat' dir='ltr'><strong>qsrulem</strong></span> <span class='ocrx_word' id='word_1_332' title='bbox 676 3504 740 3541; x_wconf 83' lang='lat' dir='ltr'><strong>mox</strong></span> <span class='ocrx_word' id='word_1_333' title='bbox 767 3502 918 3557; x_wconf 81' lang='lat' dir='ltr'><strong>exponam,</strong></span> <span class='ocrx_word' id='word_1_334' title='bbox 942 3490 1076 3556; x_wconf 77' lang='lat' dir='ltr'><strong>regiarum</strong></span> <span class='ocrx_word' id='word_1_335' title='bbox 1094 3485 1252 3555; x_wconf 82' lang='lat' dir='ltr'><strong>expeditio·</strong></span> 
     </span>
    </p>

    <p class='ocr_par' dir='ltr' id='par_1_11' title="bbox 163 3553 1252 3746">
     <span class='ocr_line' id='line_1_38' title="bbox 164 3553 1252 3625; baseline 0.003 -21"><span class='ocrx_word' id='word_1_336' title='bbox 164 3571 228 3625; x_wconf 86' lang='lat' dir='ltr'><strong>num</strong></span> <span class='ocrx_word' id='word_1_337' title='bbox 246 3553 315 3605; x_wconf 90' lang='lat' dir='ltr'><strong>ordo</strong></span> <span class='ocrx_word' id='word_1_338' title='bbox 336 3562 420 3625; x_wconf 77' lang='lat' dir='ltr'><strong>atque</strong></span> <span class='ocrx_word' id='word_1_339' title='bbox 437 3555 556 3607; x_wconf 81' lang='lat' dir='ltr'><strong>formula</strong></span> <span class='ocrx_word' id='word_1_340' title='bbox 581 3558 778 3613; x_wconf 75' lang='lat' dir='ltr'><strong>observabatur</strong></span> <span class='ocrx_word' id='word_1_341' title='bbox 804 3559 924 3610; x_wconf 84' lang='lat' dir='ltr'><strong>sollicite</strong></span> <span class='ocrx_word' id='word_1_342' title='bbox 947 3566 976 3609; x_wconf 91' lang='lat' dir='ltr'><strong>et</strong></span> <span class='ocrx_word' id='word_1_343' title='bbox 998 3560 1029 3608; x_wconf 93' lang='lat' dir='ltr'><strong>ln</strong></span> <span class='ocrx_word' id='word_1_344' title='bbox 1051 3574 1102 3608; x_wconf 91' lang='lat' dir='ltr'><strong>usn</strong></span> <span class='ocrx_word' id='word_1_345' title='bbox 1128 3565 1188 3609; x_wconf 81' lang='lat' dir='ltr'><strong>erat</strong></span> <span class='ocrx_word' id='word_1_346' title='bbox 1204 3572 1252 3607; x_wconf 84' lang='lat' dir='ltr'><strong>us-</strong></span> 
     </span>
     <span class='ocr_line' id='line_1_39' title="bbox 163 3623 1252 3746; baseline 0.002 -71"><span class='ocrx_word' id='word_1_347' title='bbox 163 3640 217 3746; x_wconf 69' lang='grc' dir='ltr'><strong><em>ησε</em></strong></span> <span class='ocrx_word' id='word_1_348' title='bbox 241 3623 278 3675; x_wconf 84' lang='lat' dir='ltr'><strong>sd</strong></span> <span class='ocrx_word' id='word_1_349' title='bbox 299 3623 480 3690; x_wconf 78' lang='lat' dir='ltr'><strong>Michaelem,</strong></span> <span class='ocrx_word' id='word_1_350' title='bbox 506 3636 642 3679; x_wconf 86' lang='lat' dir='ltr'><strong>smsntem</strong></span> <span class='ocrx_word' id='word_1_351' title='bbox 669 3628 776 3682; x_wconf 84' lang='lat' dir='ltr'><strong>Christi·</strong></span> <span class='ocrx_word' id='word_1_352' title='bbox 798 3628 964 3691; x_wconf 84' lang='lat' dir='ltr'><strong>Dominum,</strong></span> <span class='ocrx_word' id='word_1_353' title='bbox 978 3634 1008 3679; x_wconf 91' lang='lat' dir='ltr'><strong>et</strong></span> <span class='ocrx_word' id='word_1_354' title='bbox 1029 3628 1088 3678; x_wconf 85' lang='lat' dir='ltr'><strong>cius</strong></span> <span class='ocrx_word' id='word_1_355' title='bbox 1106 3634 1252 3696; x_wconf 76' lang='lat' dir='ltr'><strong>patruum,</strong></span> 
     </span>
    </p>

    <p class='ocr_par' dir='ltr' id='par_1_12' title="bbox 185 3692 1284 3769">
     <span class='ocr_line' id='line_1_40' title="bbox 185 3692 1284 3769; baseline 0.005 -27"><span class='ocrx_word' id='word_1_356' title='bbox 185 3692 293 3758; x_wconf 79' lang='lat' dir='ltr'><strong>ardum,</strong></span> <span class='ocrx_word' id='word_1_357' title='bbox 319 3695 463 3749; x_wconf 76' lang='lat' dir='ltr'><strong>Caesarem</strong></span> <span class='ocrx_word' id='word_1_358' title='bbox 485 3696 690 3761; x_wconf 81' lang='lat' dir='ltr'><strong>felicissimum,</strong></span> <span class='ocrx_word' id='word_1_359' title='bbox 718 3708 867 3769; x_wconf 74' lang='lat' dir='ltr'><strong>propagata</strong></span> <span class='ocrx_word' id='word_1_360' title='bbox 898 3697 939 3763; x_wconf 71' lang='lat' dir='ltr'><strong>,ru</strong></span> <span class='ocrx_word' id='word_1_361' title='bbox 964 3698 1037 3767; x_wconf 88' lang='lat' dir='ltr'><strong>ipsos</strong></span> <span class='ocrx_word' id='word_1_362' title='bbox 1061 3698 1097 3747; x_wconf 83' lang='lat' dir='ltr'><strong>sb</strong></span> <span class='ocrx_word' id='word_1_363' title='bbox 1130 3700 1252 3767; x_wconf 85' lang='lat' dir='ltr'><strong>lmpers-</strong></span> <span class='ocrx_word' id='word_1_364' title='bbox 1280 3707 1284 3715; x_wconf 82' lang='grc'><em>’</em></span> 
     </span>
    </p>

    <p class='ocr_par' dir='ltr' id='par_1_13' title="bbox 164 3764 1253 4052">
     <span class='ocr_line' id='line_1_41' title="bbox 164 3764 1252 3842; baseline 0 -27"><span class='ocrx_word' id='word_1_365' title='bbox 164 3764 283 3827; x_wconf 82' lang='lat' dir='ltr'><strong>toribus,</strong></span> <span class='ocrx_word' id='word_1_366' title='bbox 300 3780 396 3818; x_wconf 87' lang='lat' dir='ltr'><strong>eorum</strong></span> <span class='ocrx_word' id='word_1_367' title='bbox 414 3766 613 3834; x_wconf 83' lang='lat' dir='ltr'><strong>decessoribus,</strong></span> <span class='ocrx_word' id='word_1_368' title='bbox 630 3768 787 3839; x_wconf 87' lang='lat' dir='ltr'><strong>Tbeopbilo</strong></span> <span class='ocrx_word' id='word_1_369' title='bbox 804 3777 872 3842; x_wconf 80' lang='lat' dir='ltr'><strong>puts</strong></span> <span class='ocrx_word' id='word_1_370' title='bbox 888 3775 918 3821; x_wconf 88' lang='lat' dir='ltr'><strong>ct</strong></span> <span class='ocrx_word' id='word_1_371' title='bbox 934 3767 1080 3831; x_wconf 69' lang='lat' dir='ltr'><strong>michaele,</strong></span> <span class='ocrx_word' id='word_1_372' title='bbox 1097 3767 1180 3820; x_wconf 89' lang='lat' dir='ltr'><strong>modo</strong></span> <span class='ocrx_word' id='word_1_373' title='bbox 1197 3782 1252 3817; x_wconf 88' lang='lat' dir='ltr'><strong>rso-</strong></span> 
     </span>
     <span class='ocr_line' id='line_1_42' title="bbox 164 3834 1251 3909; baseline 0.003 -26"><span class='ocrx_word' id='word_1_374' title='bbox 164 3834 259 3885; x_wconf 83' lang='lat' dir='ltr'><strong>minsti</strong></span> <span class='ocrx_word' id='word_1_375' title='bbox 283 3836 400 3888; x_wconf 89' lang='lat' dir='ltr'><strong>iunioris</strong></span> <span class='ocrx_word' id='word_1_376' title='bbox 427 3838 503 3889; x_wconf 90' lang='lat' dir='ltr'><strong>illius</strong></span> <span class='ocrx_word' id='word_1_377' title='bbox 525 3837 578 3890; x_wconf 90' lang='lat' dir='ltr'><strong>boc</strong></span> <span class='ocrx_word' id='word_1_378' title='bbox 604 3838 717 3909; x_wconf 86' lang='lat' dir='ltr'><strong>quidem</strong></span> <span class='ocrx_word' id='word_1_379' title='bbox 742 3856 809 3904; x_wconf 82' lang='lat' dir='ltr'><strong>svo,</strong></span> <span class='ocrx_word' id='word_1_380' title='bbox 837 3840 887 3892; x_wconf 89' lang='lat' dir='ltr'><strong>illo</strong></span> <span class='ocrx_word' id='word_1_381' title='bbox 914 3846 1006 3891; x_wconf 83' lang='lat' dir='ltr'><strong>sutem</strong></span> <span class='ocrx_word' id='word_1_382' title='bbox 1027 3846 1114 3908; x_wconf 80' lang='lat' dir='ltr'><strong>patre.</strong></span> <span class='ocrx_word' id='word_1_383' title='bbox 1159 3836 1251 3890; x_wconf 85' lang='lat' dir='ltr'><strong>Simili</strong></span> 
     </span>
     <span class='ocr_line' id='line_1_43' title="bbox 164 3901 1253 3980; baseline 0.002 -25"><span class='ocrx_word' id='word_1_384' title='bbox 164 3901 242 3955; x_wconf 83' lang='lat' dir='ltr'><strong>modo</strong></span> <span class='ocrx_word' id='word_1_385' title='bbox 261 3904 290 3956; x_wconf 89' lang='lat' dir='ltr'><strong>bi</strong></span> <span class='ocrx_word' id='word_1_386' title='bbox 310 3906 363 3975; x_wconf 90' lang='lat' dir='ltr'><strong>ipsi</strong></span> <span class='ocrx_word' id='word_1_387' title='bbox 381 3922 441 3959; x_wconf 80' lang='lat' dir='ltr'><strong>cam</strong></span> <span class='ocrx_word' id='word_1_388' title='bbox 459 3924 475 3957; x_wconf 82' lang='lat' dir='ltr'><strong>n</strong></span> <span class='ocrx_word' id='word_1_389' title='bbox 498 3908 554 3959; x_wconf 88' lang='lat' dir='ltr'><strong>suis</strong></span> <span class='ocrx_word' id='word_1_390' title='bbox 577 3909 729 3963; x_wconf 77' lang='lat' dir='ltr'><strong>maioribus</strong></span> <span class='ocrx_word' id='word_1_391' title='bbox 751 3918 928 3980; x_wconf 75' lang='lat' dir='ltr'><strong>occeperunt,</strong></span> <span class='ocrx_word' id='word_1_392' title='bbox 953 3912 1068 3962; x_wconf 87' lang='lat' dir='ltr'><strong>vetustis</strong></span> <span class='ocrx_word' id='word_1_393' title='bbox 1085 3909 1141 3962; x_wconf 89' lang='lat' dir='ltr'><strong>illis</strong></span> <span class='ocrx_word' id='word_1_394' title='bbox 1158 3907 1253 3976; x_wconf 87' lang='lat' dir='ltr'><strong>Impe-</strong></span> 
     </span>
     <span class='ocr_line' id='line_1_44' title="bbox 164 3973 1251 4052; baseline 0.001 -27"><span class='ocrx_word' id='word_1_395' title='bbox 164 3973 314 4039; x_wconf 77' lang='lat' dir='ltr'><strong>tutoribus,</strong></span> <span class='ocrx_word' id='word_1_396' title='bbox 336 3993 405 4047; x_wconf 84' lang='lat' dir='ltr'><strong>qrros</strong></span> <span class='ocrx_word' id='word_1_397' title='bbox 437 3985 559 4031; x_wconf 84' lang='lat' dir='ltr'><strong>vetustos</strong></span> <span class='ocrx_word' id='word_1_398' title='bbox 593 3981 704 4052; x_wconf 75' lang='lat' dir='ltr'><strong>quando</strong></span> <span class='ocrx_word' id='word_1_399' title='bbox 741 3980 873 4043; x_wconf 86' lang='lat' dir='ltr'><strong>nomino,</strong></span> <span class='ocrx_word' id='word_1_400' title='bbox 896 3996 953 4031; x_wconf 89' lang='lat' dir='ltr'><strong>non</strong></span> <span class='ocrx_word' id='word_1_401' title='bbox 982 3979 1096 4048; x_wconf 78' lang='lat' dir='ltr'><strong>designo</strong></span> <span class='ocrx_word' id='word_1_402' title='bbox 1122 3991 1251 4046; x_wconf 77' lang='lat' dir='ltr'><strong>magnum</strong></span> 
     </span>
    </p>
   </div>
   <div class='ocr_carea' id='block_1_4' title="bbox 164 4042 1253 4123">
    <p class='ocr_par' dir='ltr' id='par_1_14' title="bbox 164 4042 1253 4123">
     <span class='ocr_line' id='line_1_45' title="bbox 164 4042 1253 4123; baseline 0.005 -28"><span class='ocrx_word' id='word_1_403' title='bbox 164 4042 240 4099; x_wconf 87' lang='lat' dir='ltr'><strong>illum</strong></span> <span class='ocrx_word' id='word_1_404' title='bbox 272 4051 300 4097; x_wconf 88' lang='lat' dir='ltr'><strong>et</strong></span> <span class='ocrx_word' id='word_1_405' title='bbox 328 4046 537 4105; x_wconf 81' lang='lat' dir='ltr'><strong>celeberrimum</strong></span> <span class='ocrx_word' id='word_1_406' title='bbox 565 4059 745 4123; x_wconf 82' lang='lat' dir='ltr'><strong>unctumque</strong></span> <span class='ocrx_word' id='word_1_407' title='bbox 768 4050 998 4116; x_wconf 77' lang='lat' dir='ltr'><strong>Constantinum,</strong></span> <span class='ocrx_word' id='word_1_408' title='bbox 1029 4064 1086 4104; x_wconf 88' lang='lat' dir='ltr'><strong>non</strong></span> <span class='ocrx_word' id='word_1_409' title='bbox 1116 4046 1253 4103; x_wconf 71' lang='lat' dir='ltr'><strong>comn-</strong></span> 
     </span>
    </p>
   </div>
   <div class='ocr_carea' id='block_1_5' title="bbox 0 0 1526 4825">
    <p class='ocr_par' dir='ltr' id='par_1_15' title="bbox 0 0 1526 4825">
     <span class='ocr_line' id='line_1_46' title="bbox 0 0 1526 4825; baseline 0 1"><span class='ocrx_word' id='word_1_410' title='bbox 0 0 1526 4825; x_wconf 95' lang='lat' dir='ltr'><strong> </strong></span> 
     </span>
    </p>
   </div>
  </div>
 </body>
</html>
