3042 4825
315 241 371 306 ua
399 235 597 306 mutuor,
625 237 762 303 ruam
789 237 962 303 orimur.
992 241 1033 305 u.
1054 237 1086 310 5.
1168 205 1248 294 531

157 399 226 476 λον,
246 397 303 459 καί
322 399 547 474 προσκαλεῖται
565 389 642 468 roric
661 392 894 476 μητροπολιθας
913 393 969 456 καί
988 381 1282 476 άρχιειιισκάτιουςο

120 521 125 532 ·
156 492 239 569 τούς
259 492 338 558 κατά
362 489 419 557 τὸν
438 491 507 556 τότε
527 488 640 576 καιρὸν
662 491 877 574 ἐνδημοῦντας
897 494 937 578 τῇ
959 488 1067 571 πόλει,
1098 485 1154 551 καί
1174 487 1407 569 λέγειΜι.ιεο.Ιι

159 589 246 678 πρὸς
265 589 400 666 adrosis:
442 589 483 672 „d
501 587 652 674 βασιλεάς
673 586 769 674 ήμῶν
792 587 810 652 ά
832 584 921 674 άγιος
950 589 1068 655 θεόθεν
1095 584 1262 673 ὁδηγηθεὶς

158 693 276 756 τοῦτον
299 688 489 775 προεβάλετο
511 690 717 772 σάγκελλον·”
768 692 826 754 καί
855 690 1118 775 άπεοχαριστῶσι
1149 685 1262 761 πάντες

137 785 223 852 5καί
245 787 438 874 ἐξέρχονται.
480 781 550 853 εἶτα
571 787 691 854 κελεύει
710 787 729 854 ὅ
749 786 951 875 πατριάρχης
973 789 1109 872 τεθῆναι
1128 780 1264 869 σκαμνί-

160 911 201 954 ον
227 883 340 974 μικρὸν
367 887 414 963 εἰς
441 883 478 952 τὸ
517 884 682 971 εἰάντμον
726 888 832 954 αὑτοῦ
858 891 958 972 μέρος
996 881 1173 951 άτιοκοιιτόν
1199 885 1263 948 τάν

161 986 317 1070 στάμνων
340 987 402 1056 τάν
422 989 682 1073 μητροπολιτάν.
725 987 757 1052 εἰ
784 989 820 1051 δέ
839 986 922 1074 τάχῃ
956 981 1038 1052 εἰναι
1058 987 1165 1069 ἕτερον
1185 981 1264 1065 σάγ-

162 1092 266 1167 κελον,
287 1087 412 1150 τίθεται
431 1085 468 1152 τὰ
490 1087 636 1150 τοιοῦτον
652 1085 806 1169 σκαμνίον
819 1087 865 1162 εἰς
884 1083 921 1150 τά
945 1082 1048 1165 δεξιὸν
1067 1085 1165 1168 μέρος
1184 1077 1265 1145 άπα-

162 1181 299 1252 romu.
340 1181 394 1250 άεί
408 1181 469 1271 γάρ
496 1182 526 1248 οῖ
547 1182 692 1266 σάγκελοι
711 1187 976 1271 προειαέρχονται
995 1185 1059 1248 τάν
1075 1185 1267 1269 perpensis-

125 1287 232 1350 rorois
254 1285 300 1361 εἰς
317 1281 352 1348 τά
379 1291 610 1368 πατριαρχεῖον
635 1285 692 1348 καί
713 1287 902 1364 καθέζονται
930 1281 1112 1349 άτιοκοτιτοί.
1152 1281 1299 1363 ἱστάσης)

166 1376 222 1448 ὅτι
252 1383 287 1446 έν
316 1389 386 1455 ταῖς
415 1378 570 1464 μεγάλαις
598 1379 820 1468 πραελεάσεσιν
845 1378 904 1447 οἰκ
932 1385 978 1458 εἰς
1005 1379 1107 1468 μικρά
1129 1379 1268 1462 σκαμνία

167 1481 362 1559 καθέζονται
381 1476 411 1543 oi
430 1475 586 1564 σάγκελοι,
608 1474 676 1545 ἀλλ’
697 1482 732 1545 έν
752 1490 821 1557 τοῖς
841 1481 935 1556 ἰδίοις
954 1479 1100 1561 σελλίοις,
1122 1478 1271 1563 δηλονότι

164 1582 204 1646 έν
225 1584 292 1655 τοῖς
312 1578 371 1642 τοῦ
391 1574 593 1666 πατριάρχου
615 1582 783 1666 σεκρέτοις,
809 1578 887 1663 οὐχι·
905 1581 941 1644 δέ
961 1582 1021 1644 τοῦ
1037 1580 1194 1662 βασιλέως
1207 1601 1270 1640 τια-

165 1678 286 1766 ρόντος.
328 1676 383 1742 ἰαί
397 1673 457 1763 γάρ
479 1681 641 1766 παροοσίρι
661 1682 820 1762 βασιλέως
841 1677 985 1744 κάτωθεν
1004 1681 1068 1742 τῶν
1086 1675 1270 1761 μαγιστρων

128 1779 363 1857 ι5καθέζονται
385 1777 419 1841 έν
439 1785 504 1855 τοῖς
523 1781 802 1864 μακροσκαμνίοις.
836 1780 894 1843 καί
912 1781 947 1844 έν
966 1780 1010 1866 τῷ
1027 1777 1155 1859 μέλλειν
1175 1775 1271 1839 εἰσιέ-

120 1891 124 1900 “
167 1901 227 1944 ναι
246 1875 321 1952 τούς
344 1875 577 1962 μητροπολίταξ
597 1875 655 1963 τὴν
673 1880 731 1943 τοῦ
756 1880 907 1964 σεκρέτοο
928 1876 1050 1962 πάλην,
1086 1869 1273 1940 άνίστανται

167 1979 235 2041 τῶν
256 1976 406 2054 σκάμνων
431 1973 462 2040 οἰ
484 1971 649 2062 σάγκελοι,
669 1981 726 2042 καί
745 1980 811 2043 τάν
829 1977 1067 2063 μητροκολιτῶν
1087 1973 1273 2059 εἰσερχομέ-

168 2097 254 2154 νων,
283 2066 484 2158 εάρίσκουσιν
513 2073 635 2152 αἰτοάς
664 2076 784 2168 lucios,
811 2074 867 2138 καί
891 2075 1011 2140 κελεύει
1032 2070 1050 2136 ὅ
1072 2073 1273 2159 πατριάρχης

169 2171 372 2256 καθεσθῆναι
397 2171 472 2248 roric
501 2176 695 2256 σογκέλσυς.
736 2171 792 2238 καί
817 2173 914 2239 πάλιν
939 2177 1138 2257 εἰσέρχονται
1157 2172 1188 2234 οἰ
1206 2196 1271 2255 μη-

127 2275 358 2356 τοτροτιολῖται
378 2271 434 2334 καί
453 2265 483 2334 oi
503 2263 744 2354 άρχιετίσκοτιοι
764 2271 842 2337 κατά
864 2270 902 2337 τὸ
924 2270 1039 2347 εἰωθὸς
1062 2272 1103 2359 τῇ
1125 2273 1417 2359 dexique-Ellam

173 2369 292 2459 αστικῇ
317 2365 526 2442 καταστάσει.
569 2373 634 2435 τῶν
657 2371 693 2435 δὲ
720 2369 965 2458 μητροιτολιτάν
992 2367 1051 2456 τὴν
1084 2369 1187 2455 πάλην
1216 2369 1274 2435 τοῦ

173 2470 322 2557 σεκρέτοο
343 2464 524 2551 μελλόντων
545 2470 696 2553 εἰσιέναι,
732 2470 918 2539 άνίστανται
949 2466 1012 2535 uinci
1033 2469 1098 2532 τάν
1123 2466 1274 2548 σκάμνοον

175 2568 207 2635 οἰ
226 2567 411 2654 σάγκελλοι,
432 2568 488 2634 καί
508 2570 660 2636 ἵστανται·
701 2574 758 2635 καί
777 2572 976 2656 εἰσέρχονται
995 2566 1127 2647 πάντες,
1147 2565 1211 2629 καί
1221 2590 1275 2630 κε-

172 2664 363 2735 tetsanae
383 2668 588 2755 πατριάρχου
609 2666 796 2749 καθέζονται
815 2671 849 2734 οἳ
865 2692 899 2735 τε
923 2665 1068 2752 ulyssice
1087 2666 1144 2731 καί
1163 2662 1192 2729 οἱ
1212 2690 1276 2750 pur

247 2800 273 2854 5.
291 2796 417 2867 τεθῆναι
430 2802 502 2855 coni.
522 2806 572 2868 lt„
589 2807 705 2859 ussus
722 2802 783 2857 cod.

174 2903 370 2975 significatque
392 2902 483 2973 ipsis:
506 2889 680 2961 Venerabilis
698 2920 727 2962 ss
755 2917 868 2960 sanetus
892 2906 1049 2977 Imperator
1064 2916 1160 2959 noster·
1174 2922 1192 2957 α
1214 2904 1275 2959 Deo

176 2974 304 3029 directus
320 2986 348 3028 ct
371 2975 549 3029 illuminatus
570 2975 643 3031 hunc
664 2979 755 3031 virum
778 2978 931 3045 syncellum
949 2978 1068 3029 creavit.
1104 2975 1136 3026 ld
1155 2972 1275 3025 andien-

176 3052 221 3097 tes
239 3060 334 3097 omnes
353 3044 517 3113 Imperatori
538 3048 639 3115 gratiss
657 3058 742 3117 agunt
759 3056 788 3100 et
810 3055 918 3100 exeunt
963 3045 1073 3098 Deinde
1092 3044 1172 3097 iubet
1188 3046 1280 3115 patri·

178 3114 262 3169 archa
290 3131 427 3167 scamnum
451 3131 565 3185 parvum
589 3116 626 3169 sd
646 3135 723 3171 suam
759 3120 898 3171 sinistram
926 3116 1055 3169 collocari
1082 3123 1237 3185 separatum
1258 3132 1276 3166 a

179 3184 298 3238 scamnis
332 3186 578 3255 metropolitarum.
622 3188 730 3258 Quodsi
754 3206 819 3243 vero
846 3186 935 3241 adhuc
951 3185 1022 3239 alins
1042 3184 1115 3237 adsit
1137 3186 1274 3253 syncellus

182 3254 309 3329 [alterius
327 3256 520 3330 patriarchael,
539 3258 692 3312 collocetur
707 3259 780 3313 illud
799 3273 965 3311 scamnuma
983 3256 1077 3310 dextra
1102 3255 1275 3325 patriarchae

179 3328 304 3378 seorsim.
341 3326 454 3397 Semper
475 3330 569 3392 enim,
592 3336 624 3381 ut
645 3334 722 3400 priua
747 3329 940 3399 ingrediuntur
967 3329 1082 3395 syncelli
1104 3328 1134 3378 in
1158 3330 1277 3396 patriar-

180 3395 276 3460 chale,
296 3412 377 3466 quam
396 3400 607 3468 metropolitae,
625 3400 664 3453 ita
683 3403 767 3453 etiam
789 3400 887 3453 sedent
905 3398 940 3450 eb
963 3397 998 3449 iis
1015 3399 1139 3453 seorsim.
1169 3398 1277 3465 Magnis

179 3467 211 3518 in
230 3468 450 3535 processionibus
470 3468 591 3523 resident
610 3472 724 3539 syncelli
744 3488 799 3523 non
816 3473 846 3524 in
859 3469 948 3540 parvis
965 3470 1090 3531 samnis,
1106 3466 1155 3519 sed
1171 3468 1202 3518 in
1218 3466 1276 3519 suis

180 3536 275 3605 sellis;
292 3538 398 3590 scilieet
416 3539 446 3590 in
465 3542 577 3592 secretis
595 3542 768 3611 patriarchae
787 3550 913 3604 tantum,
930 3542 1096 3609 Imperatore
1118 3554 1174 3589 non
1194 3555 1276 3607 prac-

181 3616 268 3660 scnte.
309 3608 346 3659 At
366 3626 399 3661 eo
413 3619 568 3679 praesente,
586 3613 684 3665 sedent
701 3614 773 3665 insra
791 3612 934 3681 magistros
952 3614 982 3662 in
1000 3609 1208 3661 macroscarunis
1231 3607 1277 3661 vel

181 3675 271 3747 longis
288 3681 413 3731 eramala.
448 3680 482 3731 Et
507 3680 615 3753 quando
643 3684 673 3735 in
695 3700 727 3736 eo
753 3692 818 3736 sunt
842 3680 1053 3751 metropolitae,
1075 3687 1107 3731 nt
1134 3682 1164 3731 in
1187 3694 1278 3731 secre-

180 3754 240 3799 tum
258 3751 391 3813 veniant,
415 3760 530 3822 surgunt
549 3752 664 3820 syncelli
684 3770 699 3807 e
717 3754 833 3806 scamnis
852 3754 924 3815 suis,
948 3758 976 3803 ct
1000 3756 1147 3804 occurrunt
1168 3750 1276 3801 intran-

179 3818 259 3869 tihus
279 3819 462 3888 metropolitis
480 3822 510 3874 in
529 3822 596 3893 ipsis
613 3822 717 3877 loribus
736 3825 858 3887 secreti,
877 3829 906 3876 et
923 3822 1054 3890 deinceps
1073 3838 1165 3872 rursus
1192 3836 1277 3887 spa·

180 3888 302 3941 triorche
318 3889 385 3943 iussi
405 3890 557 3945 consident
593 3893 628 3946 Et
646 3894 775 3964 deinceps
791 3911 884 3947 rursus
903 3894 1065 3962 ingressuris
1080 3890 1278 3957 metropolitis,

183 3956 232 4010 sed
254 3960 336 4011 simul
363 3978 425 4013 cum
455 3962 670 4033 archiepiscopis
701 3962 853 4017 secundnm
878 3962 1002 4016 ordinem
1028 3961 1277 4014 ecclesiasticarum

182 4029 423 4095 constitutionum,
435 4043 581 4102 assurgunt
618 4034 711 4087 uidem
730 4036 845 4103 syncelli
864 4053 881 4088 e
892 4034 1019 4095 scamnis,
1038 4029 1106 4102 [non
1121 4038 1214 4081 sutem
1228 4046 1277 4080 oc·

182 4108 299 4177 currunt
317 4100 399 4171 ipsis,
420 4101 469 4155 sed
489 4120 541 4156 suo
560 4054 678 4178 inloco}
698 4106 864 4175 persistunt,
881 4102 978 4166 donec,
990 4102 1118 4156 omnibus
1137 4100 1278 4169 ingressis,

182 4168 340 4239 patriarcha
359 4172 504 4229 considere
522 4190 619 4229 omncs
638 4176 760 4237 iusserit,
794 4176 830 4228 Ut
853 4172 985 4246 deinceps
1011 4170 1196 4227 consederunt
1224 4187 1276 4242 ps-
