3042 4825
308 203 364 264 nn
395 197 1109 277 OEamoa.auianniza1tr.t1.52
1171 203 1251 291 771

159 355 203 418 δι’
233 354 417 436 άλλαξίμων
455 351 547 420 ἔνδον
568 347 638 420 ’τοῦ
669 359 845 438 παλατίου,
883 356 941 420 καί
958 357 1191 440 συγκαδέζεται
1211 357 1259 447 τῷ

156 457 289 536 βασιλεῖ
304 455 349 531 εἰς
364 457 566 519 συνεστίασιν
587 451 820 542 δπατριάρχῆς
840 458 897 522 ἐπὶ
914 459 972 539 τῆς
985 454 1161 542 ἀποκοπῆς
1174 482 1260 543 χρυ-

156 555 214 637 σῆς
232 555 389 638 τραπέζης
409 554 444 618 ἕν
460 555 504 642 τῷ
524 555 652 643 χρυσέῳ
673 559 841 643 τρικλίνῳ,
878 557 935 620 καί
962 557 1016 618 δεῖ
1039 555 1127 639 ἡμᾶς
1146 550 1258 642 εὔτρε-

155 654 259 729 πίζειν
285 653 341 716 ἐπί
365 654 427 733 μὲν
446 654 504 736 τῆς
529 656 654 739 χρυσῆς
684 655 841 740 τραπέζης
869 657 984 742 φίλους
1026 654 1091 718 aiud
1112 657 1173 737 μὲν
1193 658 1258 720 τῶν

131 749 393 836 ὅμητροπολιτῶν
414 749 444 834 ί,
480 752 537 817 καί
563 747 628 818 άπὸ
657 757 719 818 τάν
746 757 922 837 βασιλικῶν
948 757 1172 841 πρεσβυτέρων
1198 757 1258 820 τοῦ

153 852 309 916 παλατίου
323 855 368 932 ἓξ,
391 852 448 918 καί
467 854 661 937 ἡγουμένους
681 861 747 919 τιὸν
766 856 942 936 βασιλικῶν
960 858 1182 940 μονωστῆριων
1203 855 1256 939 ιβ,

154 946 295 1033 εἰσάγειν
323 953 359 1016 δὲ
392 951 512 1029 αδτοάς
534 954 591 1017 καί
609 953 733 1037 ἰξάγειν
754 949 875 1028 οάτως·
917 951 995 1029 τούς
1014 955 1075 1034 μὲν
1095 977 1257 1040 μητροπο-

150 1051 241 1125 λίτας
259 1049 343 1131 μετά
366 1055 429 1116 τῶν
450 1054 574 1118 οἰκείων
596 1049 840 1134 άλλιιξιμάτων,
862 1050 944 1137 πλῆν
964 1055 1027 1119 τῶν
1048 1053 1254 1140 άμοφοράον,

151 1145 228 1224 τοάς
249 1151 285 1214 δὲ
306 1153 541 1237 πρεσβυτέρους
571 1149 650 1235 μετά
672 1154 735 1217 τῶν
763 1157 885 1218 λευκιδν
906 1154 1093 1240 φελωνίων,
1122 1149 1197 1229 τοάς
1218 1155 1255 1217 δὲ

107 1243 345 1332 ιοῆγουμένους
373 1249 430 1315 καί
450 1249 569 1327 αδτοάς
587 1248 669 1332 μετά
701 1255 767 1316 τιδν
798 1254 920 1318 οἰκείων
949 1245 1058 1318 αάτάν
1079 1250 1283 1338 peiurium

149 1345 206 1412 ἰπί
224 1350 261 1412 δὲ
281 1351 345 1414 τῶν
365 1349 452 1413 κάτω
472 1352 639 1436 τραπεζῶν
660 1351 714 1416 δεῖ
729 1349 817 1435 ἡμᾶς
836 1357 1006 1435 συγκαλεῖν
1026 1349 1089 1416 άπὸ
1109 1355 1173 1416 τῶν
1194 1355 1256 1433 βα·

148 1451 280 1512 σιλικαῖν
299 1451 456 1533 κληρικῶν
483 1447 546 1512 α’πδ
565 1451 621 1534 τῆς
639 1445 757 1528 τάξεως
775 1452 840 1515 τῶν
861 1447 1018 1516 διακόνων
1038 1447 1095 1514 καί
1117 1451 1255 1514 anamai-

148 1569 196 1632 ρω
219 1549 273 1611 καί
294 1544 356 1612 άπό
383 1551 448 1613 eod
481 1549 645 1634 σεκραίτου
676 1553 732 1615 τοῦ
760 1548 964 1637 πατριάρχου
992 1545 1161 1630 παπάδας,
1196 1545 1256 1614 τάν

148 1641 299 1730 ἀριθμὸν.
314 1697 323 1714 .
340 1693 375 1714 ..
418 1645 555 1732 εἰσάγειν
577 1651 613 1714 δὲ
645 1653 703 1715 καί
725 1648 848 1734 ἐξάγειν
876 1647 996 1726 αδτούς
1017 1645 1099 1731 μετά
1120 1649 1186 1712 τῶν
1205 1649 1255 1712 οἰ-

104 1743 239 1812 ιὸκείων
267 1747 377 1813 adrolo
411 1747 569 1829 καμισίων
600 1753 657 1814 καί
679 1747 789 1831 μόνον.
829 1752 871 1837 τῇ
898 1750 935 1812 δὲ
963 1751 1036 1833 ἕκτῃ
1068 1746 1174 1834 ἡμέρᾳ
1194 1747 1255 1829 τῆς

49 1845 57 1857 “
146 1840 247 1929 αδτῆς
267 1845 572 1932 περιόδουτελεῖται
595 1837 782 1934 προίλευσις
810 1843 937 1932 παγανῆ
957 1843 1042 1928 μετά
1073 1839 1253 1926 άλλαξιμά·

145 1970 210 2010 των
238 1943 330 2010 ἔνδον
356 1948 416 2011 τοῦ
442 1948 616 2028 παλατίον,
645 1950 703 2012 καί
735 1945 916 2030 εἰσάγονται
947 1945 978 2010 οἱ
1000 1945 1036 2009 ἐκ
1055 1941 1253 2028 Βουλγάρων

146 2047 235 2132 φίλοι
257 2045 340 2126 μετά
363 2047 427 2109 τάν
449 2046 485 2110 ἐκ
511 2051 717 2134 Βουλγαρίας
736 2043 859 2132 διάρων.
902 2047 958 2109 καί
975 2049 1111 2110 τελεῖται
1131 2040 1252 2127 κλητά·

144 2168 216 2234 ριον
236 2147 271 2211 ἐν
290 2147 334 2233 τῷ
355 2139 442 2234 edepl
463 2149 661 2236 περιβλέπτιρ
688 2147 835 2236 τρικλινιρ
856 2143 912 2211 ἐπὶ
930 2149 987 2230 τῆς
1008 2145 1107 2229 αὐτῆς
1125 2147 1251 2228 χρυσῆς

99 2247 320 2332 τοτραπέζης,
345 2245 401 2310 καί
424 2246 479 2310 δεῖ
494 2244 577 2330 ἡμᾶς
598 2247 794 2333 εὐτρεπίζειν
814 2248 860 2324 εἰς
880 2249 1083 2311 συνεστίοσιν
1109 2246 1168 2308 τοῦ
1187 2247 1280 2325 tiu-c

142 2347 255 2422 σιλίως
277 2345 392 2431 φίλους
412 2341 475 2408 uini
502 2347 560 2431 τῆς
586 2343 703 2422 τάξεως
734 2347 800 2409 τάν
818 2342 1019 2432 μαγάττρων,
1054 2342 1248 2410 ἀνθυπάτων

141 2442 198 2510 καί
215 2443 347 2520 λοιποάς
375 2442 438 2511 σάν
464 2448 529 2511 τῶν
549 2446 585 2511 ἐκ
604 2446 803 2531 Βουλγάρων
823 2448 926 2531 φίλων
947 2446 1003 2509 καί
1022 2444 1068 2532 tal
1089 2446 1248 2526 δρουγγοι-

141 2542 200 2633 ρίιρ
221 2548 280 2629 τῆς
308 2548 418 2629 βίγλης
448 2546 507 2609 καί
524 2546 569 2632 τῷ
591 2547 766 2632 δομεστίκιρ
788 2545 852 2609 τῶν
883 2538 1058 2623 ἰκανάτων,
1094 2539 1152 2606 τδν
1172 2544 1248 2626 εἰρι-

139 2640 227 2727 θμόν
247 2639 285 2709 λ’·
319 2647 476 2727 στιχίζειν
497 2645 533 2713 δὲ
556 2643 755 2721 ου’τοδςκαί
775 2638 914 2728 εἰσάγειν
933 2638 1017 2709 κατά
1038 2638 1093 2707 τὸν
1109 2643 1244 2725 λεχθέν·

140 2876 304 2943 Imperatori
323 2874 439 2927 oonviva
460 2872 497 2926 ad
514 2873 684 2945 peculiarem
702 2890 816 2927 auream
830 2888 953 2931 mennam
972 2872 1002 2925 in
1017 2870 1243 2940 clamata-lelium

139 2952 169 2997 et
187 2944 325 2997 invitandi
343 2944 426 2997 nobie
446 2946 563 2998 suntad
582 2962 694 2999 auream
715 2946 829 3017 quidem
847 2964 968 3000 mennam
984 2945 1082 3008 amici,
1100 2952 1244 3011 metropo-

137 3014 207 3068 litae
227 3014 336 3081 decem,
360 3014 514 3088 presbyteri
534 3016 653 3087 palatini
682 3032 729 3069 rex
759 3025 788 3070 et
812 3015 960 3069 duodecim
977 3015 1126 3085 hegumeni
1145 3029 1243 3065 mona·

138 3088 286 3138 aterlorum
307 3088 512 3158 imperialium,
536 3088 585 3159 qui
603 3088 642 3139 uic
661 3086 888 3141 introducuntur:
920 3087 1116 3155 metropolitae
1134 3085 1164 3135 in
1183 3086 1241 3137 anie

137 3158 311 3223 mutatoriir,
337 3168 449 3228 praeter
468 3159 647 3229 omophoriap
671 3156 826 3229 preabyteri
845 3176 907 3211 cum
925 3157 996 3209 albia
1007 3155 1172 3225 ,phelonii23
1189 3154 1242 3207 he·

138 3228 249 3297 gumeni
268 3242 330 3279 eum
351 3229 408 3280 auia
426 3227 482 3281 eibi
499 3230 618 3301 propriis
638 3229 787 3300 pheloniia.
823 3230 866 3283 Ad
884 3229 1029 3283 inferiores
1049 3234 1143 3279 antem
1160 3243 1241 3278 men·

136 3314 180 3349 aaa
199 3298 347 3351 invitamur
367 3298 490 3353 delectos
514 3302 627 3355 clericor
645 3301 784 3371 palatinos
803 3300 839 3355 ab
857 3300 956 3353 ordine
975 3298 1153 3352 diaconorum
1171 3297 1241 3351 inde

136 3377 166 3422 et
183 3369 223 3422 oie
261 3384 324 3420 orro
351 3370 497 3425 inferiorea
524 3372 635 3426 ordiner
659 3380 688 3424 et
715 3372 814 3424 recreti
841 3370 1015 3442 patriarchae
1042 3367 1164 3441 papadea
1189 3384 1238 3421 aen

134 3454 218 3493 mona
257 3456 302 3503 oe,
328 3440 357 3491 in
377 3442 535 3498 universum
555 3480 561 3493 .
580 3482 615 3501 ..
650 3443 686 3496 lli
707 3443 774 3495 aelia
792 3444 822 3495 in
840 3444 897 3494 auia
916 3442 1034 3494 camisiis
1052 3438 1239 3492 introducun-

135 3518 182 3565 tur
200 3519 230 3563 et
254 3509 417 3565 educuntur.
462 3514 545 3567 Sexto
569 3513 615 3566 die
634 3513 758 3566 eiusdem
785 3512 860 3567 orbie
891 3512 1017 3586 [dierum
1053 3526 1153 3580 nempe
1186 3526 1237 3561 aen

136 3581 318 3655 reptimanae]
339 3586 480 3654 peragitur
495 3586 635 3655 prooemio
654 3600 759 3657 pagana
779 3586 809 3637 in
827 3584 983 3637 mutatoriis
1002 3584 1075 3634 intra
1092 3580 1237 3651 palatium,

136 3660 165 3706 et
184 3652 400 3707 introducuntur
418 3655 499 3707 amiel
517 3657 627 3725 Balgarl
646 3673 707 3708 eum
727 3655 807 3708 donia
828 3672 843 3707 e
862 3655 990 3725 Balgatia
1008 3654 1118 3719 allatle3
1141 3658 1171 3703 et
1188 3667 1236 3701 ce·

133 3722 259 3777 lebratur
285 3727 441 3779 convivium
468 3727 498 3779 in
524 3728 622 3779 eodem
647 3727 751 3779 illustri
776 3727 899 3778 triclinio
925 3742 1008 3796 anper
1035 3723 1132 3776 eadem
1150 3737 1235 3773 aurea

134 3811 244 3859 menaa3
269 3796 465 3869 imitandique
489 3806 554 3850 tunt
580 3797 662 3852 nobie
690 3796 726 3850 ad
750 3796 950 3851 convivandum
969 3794 1132 3865 Imperatori
1152 3790 1235 3843 amini

135 3866 170 3921 de
188 3866 286 3920 ordine
304 3871 515 3939 magistrorum,
538 3870 733 3953 proconsulum
757 3877 787 3923 et
809 3876 963 3922 ceterorum
982 3882 1038 3920 nna
1057 3882 1120 3917 eum
1138 3862 1233 3916 amicir

133 3938 257 4007 Balgatia
279 3946 308 3991 et
325 3939 474 4011 drungario
492 3940 605 4011 vigiliae
624 3948 653 3993 et
671 3939 824 3993 domentiae
847 3939 1053 3997 hicamtornm,
1077 3935 1113 3986 ad
1135 3950 1235 3985 nume-

133 4024 194 4061 rnm
212 4010 340 4078 triginta3
368 4010 574 4082 ordinandique
595 4018 624 4063 et
642 4008 839 4064 introducendi
858 4010 956 4063 eodem
975 4007 1074 4069 modo,
1097 4020 1180 4077 quem
1196 4002 1233 4055 ad

131 4081 251 4153 primum
277 4080 352 4135 diem
379 4084 567 4156 expoauimur.
603 4081 647 4136 ld
670 4080 818 4137 inferiorea
841 4088 936 4136 autem
952 4075 1234 4135 aemulationem
