3042 4825
242 92 331 196 Ado
459 119 730 198 consentium
759 118 1126 187 roururuooertm

243 269 396 340 εἰσελθών
417 268 507 340 ἔνδον
527 277 585 358 τῆς
606 273 727 361 οἷραίας
747 272 848 359 πύλης
867 276 913 352 εἰς
933 273 967 339 τά
984 270 1189 361 μητατούριον
1208 267 1347 362 ἤλλαξεν

245 369 281 438 τὸ
302 371 488 456 τζιτζάκιον,
511 372 566 437 καὶ
588 373 735 457 εἰσῆλθον
755 374 790 438 ἐν
810 376 854 463 τῷ
874 374 1010 459 νάρθηκι
1029 372 1085 440 κατ’
1102 376 1148 450 εἰς
1167 373 1227 450 τάς
1247 380 1346 458 βασι-

245 468 338 546 λικάς
356 471 498 555 μεγάλας
528 472 631 548 πύλας
658 470 767 556 λοβών
792 472 913 560 portio
933 473 1021 559 παρά
1042 471 1101 538 τού
1129 474 1344 560 πραιποσίτου

246 569 391 656 ἐποίησεν
427 570 654 658 προσκύνησιν,
691 570 749 637 καὶ
774 571 1028 650 άποσκεπασθείς
1056 565 1237 638 εἷσάδευσεν
1261 571 1345 655 μετά

244 672 303 734 τού
325 666 527 757 πατριάρχου
550 669 604 736 διά
625 673 725 754 μέσον
755 672 812 738 τού
832 673 911 737 νοοῦ
932 675 986 738 κατ’
1004 668 1060 736 διά
1082 674 1139 756 τῆς
1159 673 1265 749 δεξιάς
1282 672 1366 736 τοάό

248 761 395 852 ἄμβωνας
415 773 471 836 κατ’
488 771 544 856 τῆς
565 769 708 846 σωλοιιόις
729 769 833 837 ἐλθών
864 773 911 849 εἰς
930 769 970 838 τά
1000 766 1075 855 ἅμα
1095 768 1219 858 θύριον,
1255 764 1351 835 κάκεῖ

245 868 352 951 λαβών
373 873 495 956 parat
516 868 603 956 παρά
625 872 684 934 τού
704 871 932 956 πραιποσίτου,
954 871 1100 956 ἐποίησιν
1118 868 1344 957 προσκύνησιν,

140 1003 143 1008 -
246 965 304 1033 κατ’
321 968 477 1054 στροφοδς
497 957 567 1051 άμα
589 972 650 1034 τοῦ
670 969 876 1056 πατριάρχου
897 971 1034 1056 ἀνῆλθεν
1054 964 1115 1034 duo*
1137 970 1201 1034 τοῖν
1225 965 1346 1054 ἔμπρο-

248 1070 328 1132 σθεν
349 1069 407 1132 τού
428 1066 572 1152 βήματος
592 1069 638 1146 εἰς
657 1067 709 1134 τὸν
739 1061 892 1153 ύμβωνα,
926 1067 982 1134 κατ’
1009 1067 1144 1154 ποιήσας
1163 1067 1223 1152 την
1242 1064 1344 1151 εύχῆν

247 1160 486 1252 ύπατριάρχης
509 1165 564 1232 ἐπὶ
593 1170 651 1252 τῆς
677 1169 843 1252 χλαμύδος
870 1171 926 1233 καί
944 1167 1073 1266 ἐπιδράς
1101 1178 1166 1256 τοῖς
1184 1171 1243 1233 τού
1269 1187 1392 1232 κου-ιο

216 1263 421 1347 Ββουκλούου,
444 1265 598 1334 ἐνέδυσαν
618 1266 721 1354 einp
741 1270 787 1358 τῷ
806 1274 954 1353 βασιλεῖ·
976 1265 1164 1349 ὅμοιὀος““

702 1435 808 1500 σου.
829 1435 893 1516 er.

400 1568 464 1624 Ἐπὶ
481 1569 644 1644 προαγωγῇ
662 1567 808 1641 προέδρου
825 1571 875 1637 τῆς
892 1569 1008 1638 ἁπάσης
1027 1567 1202 1642 συγκλήτου.

105 1723 243 1798 Merena
325 1705 373 1772 Ἡ
387 1706 446 1770 τού
466 1703 622 1788 προέδρου
639 1705 697 1784 τῆς
716 1700 893 1784 συγκλήτου
915 1703 991 1779 ἀξία
1010 1701 1083 1769 τάδε
1098 1708 1249 1788 βραβεῖον
1262 1699 1346 1787 ἔχει·
1372 1770 1375 1775 ,

247 1803 411 1892 διρύδινον
431 1805 552 1885 χιτῶνα
573 1798 629 1864 καὶ
643 1797 843 1884 χρυσόδετον
862 1797 919 1863 καὶ
939 1800 1041 1884 ζιδνην
1062 1800 1208 1866 διάλιθον
1228 1801 1388 1887 άλουρηᾶ

183 1907 196 1916 ”
246 1909 297 1992 γῆ,
319 1900 471 1986 χλαμύδα
492 1897 656 1964 διάλευκον
676 1901 940 1983 περιορνευμένην
959 1899 995 1962 ἐκ
1015 1901 1275 1985 διαχρυσοθέτοον
1293 1901 1350 1966 καὶ

247 2001 388 2085 ταβλύοον
409 1996 469 2063 δύο
501 1995 732 2083 χρυσοπάστοον
757 1999 814 2062 καὶ
842 1995 1065 2084 κισσοφύλλονν
1084 2001 1215 2085 μικρῶν.
1257 1999 1347 2085 παρά

140 2144 144 2152 ·
246 2105 307 2169 τού
327 2099 483 2183 βασιλέως
513 2098 656 2162 δι’δονται
685 2100 720 2162 ἐν
747 2096 793 2184 τῷ
817 2100 1068 2186 χρυσοτρικλινιρ
1095 2099 1142 2188 τῷ
1169 2100 1347 2187 τιμωμένῳ,

250 2195 273 2266 ά
301 2201 357 2266 καί
385 2195 494 2281 λαβών
523 2201 632 2261 πίπτει
653 2194 708 2260 καί
728 2196 968 2276 κατασπάζεται
988 2195 1064 2274 τούς
1083 2191 1268 2281 βάσιλικούς
1287 2195 1348 2262 πό-

219 2300 311 2377 ῦδας
337 2295 394 2362 καί
418 2294 457 2362 τά
486 2295 621 2379 γόνατα,
651 2293 708 2360 καί
728 2291 936 2376 άνιστάμενος
968 2290 1143 2382 άπέρχεται
1162 2297 1197 2362 ἐν
1216 2298 1260 2386 τῷ
1279 2299 1388 2384 torpeo

250 2401 309 2466 τού
329 2395 422 2482 άηάιο
446 2394 615 2482 Θεοδώρου
636 2396 671 2463 ἓν
691 2396 779 2485 αύτῷ
797 2397 844 2485 τῷ
861 2399 1130 2487 χρυσοτρικλίνην,
1160 2393 1217 2460 κοτ’
1239 2392 1347 2466 ἐνδύο-

326 2536 365 2573 ιι.
383 2518 471 2570 Deest
486 2514 514 2567 h.
534 2516 553 2568 l.
573 2514 662 2567 codici
679 2531 767 2566 unum
786 2513 896 2570 solium.
929 2533 931 2536 ·

250 2629 396 2693 numtoque
415 2620 456 2673 ibi
475 2620 616 2682 tzitzacio‚
643 2615 848 2689 ingrediebatur
865 2616 1036 2684 narthecem3
1061 2624 1090 2670 et
1106 2618 1137 2671 in
1154 2632 1251 2687 magna
1270 2617 1345 2687 regia

250 2702 329 2765 porta
360 2694 455 2743 auratis
475 2690 563 2743 taedis
585 2698 633 2741 aut
653 2688 738 2740 cereis
768 2706 784 2739 a
801 2690 959 2757 praeposito
982 2688 1131 2757 porrectis,
1157 2686 1346 2742 odorationem

250 2764 422 2835 perficiebat,
442 2761 623 2830 depositaque
644 2760 742 2822 infula,
761 2759 895 2811 introibat
914 2760 944 2811 iu
961 2776 1044 2811 naum
1062 2757 1126 2829 [seu
1146 2760 1237 2810 navim
1256 2758 1345 2809 eccle·

251 2834 344 2906 siae]‚
374 2834 524 2884 comitante
544 2828 711 2899 patriarcha,
729 2844 901 2901 pergensque
916 2846 969 2949 per
988 2847 1049 2881 eum
1070 2830 1189 2882 medium
1208 2826 1347 2882 dextram·

252 2894 307 2977 q'tw
326 2902 449 2954 ambonis
469 2909 497 2952 et
515 2902 605 2953 soleae
625 2908 738 2969 partem,
757 2908 789 2951 ut
807 2902 915 2952 venite
951 2918 1037 2951 sacras
1056 2900 1128 2955 iores
1149 2898 1347 2969 [cancellorum

252 2982 282 3031 et
302 2972 435 3045 bematis]
467 2971 589 3023 iaciebat
606 2988 666 3022 cum
692 2971 778 3022 cereis
797 2989 812 3022 a
831 2971 986 3040 praeposito
1008 2971 1119 3023 traditis
1143 2970 1348 3034 adorationem

254 3043 321 3096 iudo
347 3052 419 3095 retro
440 3058 584 3094 conversus
609 3040 644 3093 ah
668 3040 744 3092 aditu
772 3040 888 3093 bematis
915 3040 1101 3093 adscendebat
1125 3057 1179 3091 uus
1204 3056 1266 3091 eum
1294 3054 1348 3106 pa-

252 3112 370 3165 triarcha
399 3113 428 3163 in
456 3110 613 3175 ambonem
641 3112 691 3163 ubi
716 3128 799 3179 quum
828 3109 980 3180 patriarcha
1015 3110 1238 3163 benedictionem
1266 3125 1348 3229 supet·

254 3180 399 3250 chlamyde
424 3199 471 3233 seu
496 3182 691 3251 paludamento
716 3182 854 3248 imperiali
872 3180 1005 3245 dixisset,
1035 3182 1163 3234 tradebat
1186 3198 1243 3233 eam
1269 3198 1301 3232 cu
1322 3179 1348 3232 i-

255 3254 383 3323 oulariis3
410 3253 458 3324 qui
476 3268 558 3321 porro
576 3268 635 3304 eam
652 3254 812 3323 Imperatori
830 3251 991 3304 induebant.
1028 3252 1162 3305 Similiter
1179 3252 1192 3279 ‘
1212 3252 1226 3278 ⁸
1249 3250 1263 3278 ‘

731 3370 803 3424 cti.
824 3390 868 3443 97.

342 3476 384 3533 De
401 3476 576 3548 promotione
593 3474 728 3550 probedri
743 3495 793 3531 seu
808 3476 949 3548 praesidis
968 3479 1098 3533 universi
1113 3489 1237 3534 senatur.

325 3577 458 3633 Prohedri
479 3596 527 3631 seu
550 3578 686 3648 praesidis
705 3579 823 3648 dignitas
841 3580 895 3632 boe
917 3580 1003 3633 habet
1020 3579 1153 3633 brabeurn
1172 3596 1219 3630 seu
1238 3581 1347 3632 virtutis

252 3652 406 3721 praemium
432 3660 460 3703 et
485 3650 597 3702 honoris
625 3653 746 3720 insigne:
782 3652 902 3703 tunicam
927 3668 1032 3703 roseam
1056 3653 1146 3704 ποτοῖο
1175 3652 1275 3702 taeniis
1304 3666 1349 3703 se·

252 3729 339 3789 ptam,
367 3728 395 3771 et
413 3738 508 3773 zonam
528 3730 689 3789 gemmatam
706 3738 886 3789 purpuream,
912 3730 941 3775 et
965 3722 1133 3789 chlamydem
1158 3720 1247 3773 albam
1275 3722 1346 3773 eirca
1439 3752 1447 3771 .

254 3806 316 3843 oras
336 3794 435 3843 taenia
465 3808 545 3843 aurea
575 3800 603 3844 et
628 3790 723 3843 tabliis
753 3792 861 3845 duobus
893 3810 964 3845 auro
985 3793 1083 3845 obsitis
1111 3802 1235 3845 ornatam
1267 3798 1296 3843 et
1313 3790 1346 3841 h·

254 3863 328 3983 paris
354 3864 468 3914 minutis
491 3860 611 3915 hederae
638 3862 704 3913 folia
730 3863 904 3916 imitantibus
927 3880 1084 3932 respersam.
1123 3865 1164 3916 Ab
1182 3866 1347 3933 Imperatore

276 3948 323 3983 aec
339 3931 440 3985 dantur
458 3935 487 3984 iu
506 3948 588 3986 aureo
606 3932 729 3985 tricliuio
748 3951 843 3988 recens
862 3933 1016 4000 honorat03
1039 3937 1088 4006 qui
1107 3952 1140 3987 ea
1155 3942 1252 3987 nactus
1269 3932 1347 3984 humi

255 4002 393 4087 procidit,
413 4012 442 4061 et
461 4004 574 4060 Domini
594 4003 678 4077 pedet
695 4022 842 4077 genuaque
860 4005 1050 4077 deoseulstor;
1073 4005 1139 4070 iude
1157 4004 1294 4075 resurgit,
1319 4009 1348 4057 et
