3042 4825
289 99 373 214 778
493 126 766 196 cousrauuur
809 127 1177 199 eenamcenam

269 301 404 366 σιδίων.
443 297 518 376 rods
539 303 574 365 di
595 300 727 378 λοιποός
747 307 951 390 μαγίστρους,
973 301 1436 388 δνθυπότουςπατρικῶυς

284 403 341 464 καί
359 395 504 476 ἅπαντας
530 399 604 476 roric
632 400 821 484 βασιλικοός
847 395 1039 492 ἀνθρώπους
1065 399 1230 488 ταμιεύειν
1264 401 1432 477 adrosis·

282 497 364 582 μετοὶ
386 501 558 587 θωρακίων
577 499 634 566 καί
653 504 887 584 κονδομανιλιων
907 508 953 579 είς
975 503 1022 570 τό,
1034 501 1168 587 σόξιμον
1187 505 1248 587 τῆς
1267 500 1430 586 τραπέ-

285 605 350 686 ζης,
369 597 568 686 χορευόντων
588 603 624 665 δὲ
643 598 769 668 πάντων
788 606 880 690 πέριξ
897 607 952 690 τῆς
970 609 1135 690 βασιλικῆς
1154 605 1332 689 τραπέζης
1351 601 1429 665 καί

283 699 341 785 τὴν
363 695 540 788 ἄνδρ’ῥυσιν
560 694 790 788 εὐφημούντων
808 707 866 767 τοῦ
887 701 1077 790 σοφωτάτου
1098 699 1280 786 δεσπότου,
1309 704 1443 767 δάϊον-5

283 827 337 867 ται
358 808 435 888 παρ’
457 803 559 868 αδτοδ
584 797 710 878 τούτοις
731 803 777 879 είς
807 804 995 890 φιλοτιμίας
1014 806 1158 870 έπιδοσιν
1186 800 1421 884 δποκόμβιον

286 901 361 984 ἔχον
386 905 516 987 χρυσοῦ
543 907 653 988 λίτρας
680 904 722 988 γ’·
764 906 933 989 προσέχειν
962 905 1000 968 ot
1031 907 1085 968 δεῖ
1110 902 1169 988 τὴν
1198 897 1420 985 decolorius

254 1005 343 1068 litori
374 1004 498 1087 δήμου,
536 1005 593 1067 καί
620 1005 786 1092 δξανιστᾷν
817 1000 961 1080 ἅπαντας
980 1004 1056 1080 τοδς
1075 1004 1282 1089 κεκλημένους
1310 999 1416 1086 πρὸς

285 1103 450 1188 εὐφημίαν
470 1104 528 1168 τοῦ
550 1098 704 1168 δεσπότου
727 1101 806 1168 κατό
828 1101 884 1169 τόν
906 1106 1132 1190 προγραφέντα
1149 1100 1266 1168 τόπον.
1314 1101 1414 1187 ἔφε-

284 1206 339 1286 ξῆς
369 1205 404 1267 δὲ
430 1201 545 1286 ταύτης
572 1205 628 1287 τῆς
648 1201 772 1288 ἡμέρας
795 1209 930 1268 τελεῖται
958 1200 1168 1289 πεζοδρόμιον
1197 1198 1307 1286 βιοτὰν
1330 1203 1451 1266 ruinis

283 1303 423 1366 πολιτῶν
451 1303 601 1366 τυπωθέν
634 1303 690 1368 ε’πί
709 1306 853 1378 Λέοντος
884 1303 944 1368 τοῦ
975 1302 1186 1389 φιλοχρίστου
1215 1297 1406 1380 δεσπότου,

283 1402 339 1465 καί
366 1401 508 1466 δίδονται
536 1400 717 1487 σφραγίδια
737 1399 782 1478 οἷς
801 1401 884 1468 κατὰ
904 1399 1004 1467 τόπον
1026 1405 1085 1466 τοῦ
1105 1402 1212 1485 βαπτοῦ
1231 1401 1405 1483 πεζοδρσ-

281 1502 380 1582 μίσυ,
410 1498 468 1564 καί
494 1503 684 1588 προτίθεται
711 1499 887 1587 κλητιόριον
912 1506 957 1589 τῷ
985 1506 1117 1586 βασιλεῖ
1132 1502 1187 1567 έπί
1206 1501 1404 1592 α’ποκοτττῖης
1490 1506 1491 1513 ’

283 1601 442 1686 τραπέζης
474 1599 557 1664 κατὰ
586 1597 644 1685 τὴν
673 1605 775 1686 μέσην
807 1604 900 1666 θέσιν
926 1605 988 1666 τοῦ
1007 1590 1205 1687 περιφανοῦς
1225 1599 1397 1685 τρικλίνου
1490 1660 1491 1705 r

128 1701 346 1778 Μιοόγετῶν
366 1696 409 1764 ιθ’
431 1704 574 1786 τερπνῶν
595 1702 789 1784 α’κουβίτιον,
824 1703 881 1767 καί
899 1705 1128 1768 συνεστιῶνται
1145 1702 1189 1786 τῷ
1207 1703 1346 1780 βασιλεῖ
1359 1693 1440 1760 oiri
1489 1712 1490 1735 ι

282 1797 492 1885 πραιπόσιτοι
511 1796 572 1864 σόν
590 1807 656 1875 τοῖς
683 1798 853 1883 εδνοόχοις
879 1799 1181 1886 πρωτοσπαθαρίοις
1199 1798 1256 1864 καί
1273 1822 1394 1882 πριμι-

283 1901 424 1983 κηρίοις,
449 1897 507 1962 τόν
527 1897 668 1984 ἀριθμόν
689 1899 741 1980 ἓξ,
772 1896 927 1975 οόσαότως
945 1903 1002 1965 καί
1021 1896 1136 1973 πάντες
1157 1897 1188 1962 οἱ
1205 1902 1338 1980 πένητες
1359 1895 1393 1959 οδ

252 1995 326 2061 crat
349 1993 526 2083 σφραγίδια
546 2001 605 2062 τοῦ
625 2002 783 2081 βασιλέως
811 1997 867 2062 διὰ
896 1997 1008 2086 χειρός
1028 2001 1092 2062 τῶν
1111 1993 1306 2079 μεγιστάνων
1328 2001 1388 2060 λυ-

282 2096 407 2180 βόντες,
445 2095 502 2160 καί
521 2098 645 2161 δίδοται
666 2091 777 2172 αὐτοῖς
796 2097 992 2179 α’ποκόμβιον
1012 2094 1074 2160 α’νόι
1093 2098 1287 2177 νομίσματος
1308 2119 1331 2158 α
1346 2093 1385 2177 γ’.

283 2193 339 2260 καί
359 2197 435 2276 μεθ’
454 2195 580 2280 ἡμέρας
600 2192 659 2260 δδο
680 2202 820 2260 τελεῖται
840 2194 969 2262 ἱππικόν
989 2191 1209 2280 ἱπποδρόμιον,
1229 2194 1287 2258 καί
1304 2213 1426 2279 arpo-ao

281 2295 405 2359 τίθεται
424 2293 598 2379 κλητοόριον
618 2292 673 2359 δαί
689 2299 747 2358 τοῦ
766 2296 925 2380 τρικλίνου
946 2298 1006 2360 τοῦ
1026 2294 1234 2377 καθισματος,
1258 2296 1314 2360 καί
1333 2296 1386 2359 δεῖ

243 2434 247 2441 ·
282 2389 369 2479 ἡμᾶς
400 2387 596 2479 εδτρεπίζειν
624 2395 670 2472 εἰς
700 2396 904 2484 συνεστίασιν
934 2397 978 2485 τῷ
1005 2399 1138 2478 βασιλεῖ
1154 2397 1270 2481 φίλους
1303 2390 1381 2461 κατὰ

282 2492 335 2561 τόν
356 2496 390 2559 ἐν
411 2503 478 2571 τοῖς
505 2492 748 2581 ἱπποδρομικοϊς
768 2494 956 2584 κλητοιρίοις
988 2498 1143 2579 λεχθέντα
1172 2490 1293 2561 τόπον.
1330 2493 1384 2559 ἐπί

284 2690 317 2735 ut
334 2684 466 2753 magistri,
484 2685 674 2755 proconsules,
691 2686 802 2757 patricii
822 2691 851 2738 et
869 2701 964 2737 omncs
982 2683 1107 2737 homines
1121 2680 1279 2754 imperiales
1295 2697 1378 2735 rescr-

283 2762 382 2807 vantur
400 2755 436 2807 ad
454 2757 640 2825 peragendum
659 2756 689 2809 in
707 2756 867 2810 thoracibus
895 2764 924 2808 et
942 2756 1158 2809 condomaniciis
1183 2756 1315 2806 saaimum
1333 2760 1378 2804 eat

285 2824 413 2878 choream
432 2842 551 2880 mensae.
589 2826 759 2880 saltantibus
779 2836 873 2879 autem
890 2828 1020 2881 omnibus
1037 2828 1109 2879 circa
1129 2841 1233 2877 sacram
1261 2841 1377 2877 mensam

284 2905 313 2948 et
331 2897 525 2951 liberationem
541 2898 741 2967 sapientissimi
760 2899 873 2950 Domini
898 2898 1105 2951 celebrantibus
1144 2896 1227 2949 datur
1263 2895 1375 2966 abipso

284 2968 398 3020 nomine
425 2968 491 3021 doni
518 2968 630 3037 gratuiti
656 2968 851 3038 apocombium
870 2970 1015 3022 continens
1037 2970 1117 3020 litras
1135 2974 1198 3020 tres
1235 2966 1376 3019 Attendere

286 3036 416 3107 deinceps
438 3048 558 3107 oportet,
595 3040 687 3092 uaudo
706 3041 839 3093 sactiones
858 3049 919 3093 aeta
938 3038 1029 3092 dicere
1047 3039 1193 3109 incipiant,
1211 3043 1241 3087 ct
1258 3044 1314 3089 tum
1330 3054 1376 3088 ex·

284 3107 370 3161 citare
388 3109 512 3161 convivas
533 3057 681 3162 adlaudes
702 3110 814 3163 Domini
833 3111 974 3173 dicendas,
991 3119 1075 3179 prout
1092 3126 1175 3179 supra
1186 3109 1375 3177 praescriptum

191 3202 198 3210 ·
285 3186 335 3231 est.
372 3178 534 3233 immediate
553 3190 617 3251 post
640 3182 719 3233 illum
739 3180 814 3234 diem
832 3182 975 3251 peragitur
994 3190 1088 3232 votum
1106 3180 1309 3251 pezodrornium
1331 3193 1374 3232 stu

285 3266 341 3319 quo
360 3251 501 3319 pedestres
521 3252 622 3304 urbani
644 3268 770 3304 cursores
791 3260 906 3315 certant,
943 3269 958 3302 a
976 3248 1089 3314 Leone,
1117 3250 1258 3305 Christum
1275 3256 1373 3301 amante

281 3320 418 3380 Domino,
438 3321 596 3375 institutum
616 3332 643 3375 et
659 3323 835 3390 ordinatum
865 3324 1021 3392 danturque
1042 3318 1235 3394 [pauperihus]
1255 3326 1372 3381 tesserae,

281 3390 362 3444 utin
383 3392 433 3443 tali
451 3400 515 3443 voto
534 3394 657 3446 cursorio
676 3394 758 3447 moris
778 3403 828 3447 cst·
864 3395 937 3446 Dein
962 3402 1155 3462 proponuntur
1181 3407 1273 3444 sacrae
1298 3392 1372 3458 dapes

201 3460 209 3479 ⁸
282 3477 365 3531 super
382 3462 522 3529 peculiare
541 3481 635 3517 mensa
658 3466 687 3517 iu
707 3463 799 3532 media
818 3473 896 3535 parte
925 3465 1041 3516 illustris
1067 3464 1183 3517 triclinii
1201 3461 1372 3513 iucundorum

281 3532 465 3587 novendecim
500 3535 676 3587 accubituum
710 3537 823 3589 seorsim
858 3535 956 3603 posita.
1004 3535 1191 3588 convivantur
1223 3534 1371 3600 Imperatori

281 3606 451 3674 praepositis
480 3604 602 3657 eunuchi
624 3607 841 3677 protospatharii
860 3614 889 3658 ct
906 3606 1097 3675 primicerius,
1129 3606 1161 3657 in
1181 3602 1370 3655 universumbi

282 3688 344 3741 τινες
364 3672 465 3727 deinde
484 3693 595 3746 quoque
616 3692 750 3745 pauperes
769 3691 874 3737 orunes,
891 3678 941 3746 qui
960 3686 1077 3729 tesseras
1094 3676 1252 3745 imperiales
1264 3691 1309 3741 per
1322 3690 1373 3725 ma·

282 3760 336 3797 nus
355 3754 517 3812 magnatum
532 3757 716 3815 acceperunt;
743 3746 773 3798 hi
793 3748 932 3800 donantur
949 3748 1055 3801 viritim
1077 3746 1193 3816 singulis
1212 3744 1323 3796 nummis
1346 3751 1371 3795 et

284 3820 427 3885 quaternis
445 3816 659 3869 miliareusibus.
699 3818 796 3871 Tertio
819 3817 865 3868 dic
886 3827 950 3887 post
967 3818 1109 3889 peragitur
1136 3824 1274 3868 certamen
1296 3831 1370 3885 eque·

284 3892 340 3937 stre
362 3888 529 3951 cursorium,
548 3894 577 3939 et
596 3887 751 3943 celebratur
770 3890 926 3943 convivium
947 3892 976 3941 in
995 3889 1119 3941 triclinio
1139 3886 1320 3946 cathisrnatis,
1340 3884 1370 3939 ad

285 3955 361 4024 quod
381 3958 527 4009 inritamus
547 3958 667 4021 amicos,
698 3976 768 4031 quos
789 3961 872 4014 moris
891 3977 951 4014 csse
969 3963 1000 4013 in
1024 3958 1097 4012 ludis
1116 3954 1291 4034 equestribus
1310 3957 1371 4009 inri-

234 4100 238 4109 .
284 4028 339 4083 uri
358 4043 439 4099 snpra
458 4029 586 4088 diximus.
624 4031 676 4088 Die
695 4032 812 4101 Augusti
840 4039 918 4089 serto
937 4030 1093 4088 celebratur
1115 4029 1256 4102 processio
1272 4029 1300 4081 iu
1317 4042 1368 4083 rou·
