3042 4825
283 200 367 305 45τ
487 228 687 294 srrmnrx
715 231 772 296 ao
802 233 955 298 sinuum
981 234 1145 300 raimmr

281 381 358 458 τ’σάς
385 379 592 464 μαῖοομάθας
619 383 727 450 ἐδίδου
747 394 815 462 τοῖς
834 387 870 452 ἐκ
888 392 1092 474 μακροτέρων
1110 386 1216 452 τόπων
1236 385 1371 468 ἔρχομά·

255 497 346 554 ’νοις
373 483 532 560 θέμισσιν.
572 478 594 567 ἦ
616 484 652 546 δὲ
678 483 864 570 προέλεσσις
891 487 948 550 τοῦ
976 491 1132 568 βασιλέως
1159 482 1215 548 κατ’
1240 483 1260 568 ἦ
1281 483 1370 560 τάξις

279 579 343 643 τῶν
371 579 538 661 ταγμάτων
558 579 614 646 κατ’
632 583 696 648 τῶν
716 583 864 664 θεμάτων
883 577 923 670 ἦν
943 582 1055 661 οὕτως.
1079 581 1290 669 περιεπάτουν
1308 579 1370 663 ἔμ·

279 682 418 762 προσθεν
447 683 504 744 τοῦ
534 683 691 762 βασιλέως
712 679 756 757 ῶς
778 681 839 746 sind
860 683 969 766 μιλάοο
999 687 1090 750 ἵπποι
1109 681 1188 765 μετά
1210 681 1369 766 ἀληθινῶν

279 777 458 861 βορκαδάων
481 775 535 842 διά
558 782 676 861 στίχων
698 777 775 861 odo,
804 779 890 862 δεξιά
912 781 967 848 κατ’
982 772 1157 869 άριστερά·
1195 784 1267 862 μετ’
1288 777 1389 843 ἐκεί-5

251 891 353 950 croug
373 877 409 940 δὲ
431 875 460 940 οἱ
478 877 639 958 βασιλικοὶ
657 870 821 964 ἄρχοντες·
863 875 929 947 εἶτα
951 879 982 946 οἱ
1002 880 1179 965 στράτωρες
1198 875 1276 961 μετά
1297 881 1370 943 σελ-

278 971 399 1058 imprbus
418 976 513 1059 καὶὴ
536 973 628 1061 λοιπὴ
655 982 875 1064 μυοτικωτὲρα
894 977 996 1059 τάξις·
1037 977 1146 1044 ἔπειτα
1167 977 1183 1045 ὅ
1201 973 1369 1061 βασιλεύς·

278 1062 413 1137 ὄπισθεν
434 1075 469 1136 δὲ
489 1071 601 1139 τούτου
623 1075 667 1152 ῶς
687 1071 750 1140 άπὸ
781 1076 1013 1163 σαγιττοβάλων
1040 1080 1137 1166 τριῶν
1157 1072 1264 1159 ῶσπερ
1287 1070 1369 1137 κατά

175 1174 364 1250 Μι3.ομιἀν
383 1169 513 1236 rotario
533 1169 572 1236 τά
601 1175 835 1258 στρατεύματα.
878 1180 933 1242 καί
949 1181 1048 1260 μέσον
1066 1179 1126 1260 μὲν
1146 1173 1187 1242 τά
1206 1173 1368 1256 τάγματα,

279 1267 335 1333 καί
353 1270 473 1336 τούτων
493 1269 533 1336 τά
555 1270 727 1358 τιμιώτερα
745 1275 800 1366 ρ’πί
819 1273 874 1340 τάν
893 1278 989 1356 μέσον
1008 1274 1121 1356 τόπον,
1142 1276 1215 1357 παρ’
1236 1268 1414 1352 ὲκάτεραιο

215 1409 220 1420 ·
280 1369 317 1430 δὲ
336 1365 400 1432 τῶν
427 1369 595 1454 ταγμάτων
615 1369 655 1436 τά
676 1375 821 1454 θέματα,
853 1373 909 1436 κατ’
932 1371 1052 1438 τούτων
1071 1374 1282 1456 πληοιέστερα
1302 1377 1370 1443 τοῖς

277 1468 418 1550 τάγμασι
437 1469 476 1533 τά
498 1470 679 1556 ἐνδοξότερα
699 1475 760 1537 τῶν
788 1470 950 1554 θεμάτων.
990 1469 1135 1536 sidiarii
1155 1461 1296 1554 άπληκτα
1316 1465 1372 1530 καὶ

277 1561 335 1642 τὰς
356 1563 451 1644 deiude
471 1569 526 1653 τῆς
546 1569 702 1655 ἡμετέρας
720 1573 778 1655 γῆς
806 1573 983 1653 κατέχοντες
1014 1573 1070 1636 κατ’
1097 1567 1300 1653 γινώσκοντες
1337 1563 1369 1628 οἱ

243 1666 338 1745 Darda
369 1668 606 1751 προελάμβανον
631 1664 712 1750 μετά
738 1671 795 1752 τῆς
823 1667 937 1754 κόρτης
955 1667 1013 1734 κατ’
1026 1673 1081 1754 τῆς
1101 1663 1297 1753 άποαργάσς,
1335 1660 1368 1726 οἳ

278 1762 314 1826 δὲ
334 1761 513 1852 ἔμπροσθεν
541 1769 605 1832 τῶν
632 1764 777 1849 θεμάτων
803 1772 993 1854 προέτρτχσν
1017 1765 1274 1840 ὑποδεικνύοντες
1294 1759 1410 1837 τοάςι5

282 1867 346 1931 τῶν
363 1867 512 1945 ποταμοῖν
540 1862 658 1951 πόρους
686 1863 819 1942 καὶτὰς
847 1867 975 1945 εὐθείας
1003 1863 1107 1943 άδοάς.
1146 1860 1218 1940 τοάς
1239 1865 1274 1928 δὲ
1294 1861 1371 1947 ‹idp-

279 1961 355 2048 γσάς
376 1965 449 2028 καθ’
477 1967 606 2028 ἕκαστον
625 1968 711 2045 θέμα
736 1973 881 2050 κατεῖχεν
901 1964 919 2029 ὅ
941 1965 1148 2051 δροαγγάριος
1167 1966 1223 2047 τῆς
1241 1965 1370 2046 βιγλης·

279 2059 425 2146 άπῆρχον
455 2062 490 2126 δὲ
516 2061 574 2125 ὑπ’
614 2055 701 2150 αὐτῷ
728 2063 784 2127 καὶ
811 2062 846 2126 αἱ
875 2065 1058 2148 παραμοναά
1087 2063 1151 2127 τῶν
1185 2061 1370 2146 στρατηγῶν
1450 2098 1455 2104 ·

216 2171 219 2180 ’
279 2155 360 2243 πρὸς
379 2155 413 2224 τὸ
435 2162 477 2224 ds'
497 2153 597 2226 odensi
615 2159 825 2244 μηνάειντοῖς
838 2169 1023 2246 στρατηγοῖς
1042 2155 1080 2224 τά
1096 2159 1287 2240 κελευόμενα
1307 2158 1369 2222 asi-

280 2264 357 2334 τοῖς.
398 2259 476 2342 ἡδὲ
505 2256 609 2346 πράτη
645 2257 722 2345 doxa}
757 2255 889 2326 ἓκάστοα
919 2261 1059 2342 θέματος
1085 2250 1124 2345 ἦν
1143 2253 1262 2334 οὕτως·
1303 2250 1410 2322 &niso

280 2480 380 2543 sarius,
406 2480 465 2550 ipse
490 2480 641 2551 Imperator
668 2469 799 2553 erogabat
819 2496 854 2535 ea
871 2478 946 2533 idico
967 2496 1016 2533 seo
1041 2482 1149 2551 privato
1170 2497 1220 2533 sno
1241 2476 1367 2548 peculim

277 2554 427 2621 praecipue
447 2548 616 2604 maiumadas
639 2552 759 2603 miiitum
781 2550 940 2621 praestabat
962 2551 1036 2614 iliis,
1060 2555 1109 2619 qui
1132 2568 1148 2602 e
1172 2546 1369 2604 remotioribus

278 2620 447 2675 thematibus
474 2628 523 2671 aut
544 2622 692 2692 provinciis
719 2623 853 2674 venirent
888 2624 1028 2680 Processio
1054 2621 1229 2689 imperatoris
1253 2628 1282 2670 et
1299 2616 1367 2671 ordo

278 2700 427 2760 sagmatum
439 2708 486 2743 reu
501 2691 655 2743 cohortium
668 2692 809 2745 custodiae
824 2693 894 2744 sacri
907 2691 1030 2761 eorporis
1048 2698 1077 2742 et
1090 2690 1234 2743 comitatui
1249 2691 1367 2760 deputa-

277 2768 369 2813 tarum
393 2768 422 2813 et
442 2761 594 2813 thematum
618 2778 666 2813 scu
687 2761 826 2829 legionum
853 2762 1063 2829 provincialium
1088 2768 1147 2811 erat
1164 2762 1194 2812 in
1211 2760 1285 2811 hunc
1305 2774 1369 2810 mo-

282 2831 357 2885 dum.
392 2830 475 2881 Primi
501 2848 591 2883 coram
616 2832 782 2899 Imperatore
807 2831 996 2901 procedebant
1016 2829 1053 2881 ad
1072 2831 1188 2882 miliaris
1206 2829 1368 2882 distantiam

282 2904 360 2971 equi,
379 2902 505 2969 stragulis
519 2902 590 2954 veris
602 2918 650 2953 seu
670 2904 815 2971 purpureis
831 2903 913 2964 tecti,
937 2919 987 2971 per
1007 2902 1091 2969 paria.
1128 2902 1192 2953 Post
1208 2918 1255 2953 eos
1268 2900 1369 2951 venie-
1418 2927 1424 2939 ι

279 2970 349 3025 bant
371 2986 496 3040 proceres
518 2974 725 3038 comitatenses3
753 2979 812 3023 tum
833 2979 961 3023 stratores
990 2986 1051 3022 eom
1074 2969 1190 3022 sellariis
1213 2987 1262 3022 seu
1287 2969 1367 3039 equis

278 3042 383 3094 sellatis
407 3048 435 3092 et
467 3041 588 3112 reliquus
601 3042 719 3095 Domino
734 3042 896 3093 familiarior
909 3039 986 3093 ordo.
1021 3039 1145 3092 Tandem
1165 3040 1224 3110 ipre
1243 3042 1367 3109 Impera-

279 3119 330 3165 tor.
367 3113 430 3164 Post
454 3128 516 3163 eum
538 3112 572 3163 ad
591 3115 705 3180 sagittae
724 3119 779 3163 tres
803 3115 889 3164 iaetus
908 3112 987 3179 quasi
1002 3111 1032 3163 in
1047 3128 1129 3163 onam
1146 3119 1247 3163 rectam
1263 3111 1366 3161 lincam

279 3181 429 3252 dispositae
455 3180 535 3233 ibant
552 3182 685 3234 militares
711 3183 814 3250 copiae
855 3181 887 3231 In
915 3180 1007 3233 medio
1026 3178 1105 3246 ibant
1128 3189 1261 3251 αριστοτ,
1285 3188 1315 3233 et
1335 3181 1367 3232 in

279 3252 339 3321 ipso
360 3252 471 3304 mediae
499 3251 568 3304 aciei
586 3252 743 3305 meditullio
767 3252 925 3304 honestiora
948 3258 1084 3318 tagmata3
1107 3252 1255 3319 cingebant
1275 3259 1367 3304 autent

279 3338 326 3373 eos
347 3322 485 3382 themata,
510 3330 587 3375 tanto
606 3338 732 3392 quaeque
754 3338 771 3371 a
795 3319 962 3391 tagmatibus
980 3322 1125 3390 propiora,
1148 3330 1253 3390 quanto
1275 3327 1367 3373 essent

278 3391 447 3449 honestiora.
481 3388 588 3455 Eorum,
608 3392 656 3462 qui
677 3394 831 3447 mansiones
851 3400 1000 3444 catirenaco
1018 3398 1047 3442 et
1063 3392 1121 3444 sias
1140 3409 1190 3461 per
1210 3400 1295 3444 terras
1314 3408 1366 3445 ao·

278 3470 352 3515 strae
371 3462 486 3515 diusmo
504 3463 674 3532 occupabant
689 3471 718 3515 et
734 3462 887 3524 callebant,
915 3478 978 3530 pars
997 3461 1123 3530 praeibat
1137 3479 1200 3513 cum
1217 3470 1293 3514 corte
1317 3478 1366 3513 seu

279 3533 400 3585 tentorio
426 3540 540 3601 augusto
563 3541 592 3584 et
620 3548 681 3585 oum
709 3534 847 3585 famulitio
869 3532 978 3585 culinae
999 3531 1170 3595 dominium
1193 3548 1254 3601 pars
1274 3540 1367 3584 autem

281 3602 476 3671 praecurrebat
503 3618 593 3655 corana
614 3601 799 3666 thematibus,
826 3602 1014 3655 demonstrans
1036 3602 1103 3672 ipsis
1129 3602 1197 3654 vada
1221 3602 1366 3654 fluviorum

279 3674 393 3741 viasque
414 3680 540 3725 recuset
555 3674 756 3727 consectandas.
792 3673 860 3726 Viae
874 3672 998 3726 ductores
1014 3673 1046 3725 ia
1061 3688 1229 3755 unoquoque
1245 3672 1367 3725 themate

280 3760 329 3795 scu
348 3742 474 3795 districtu
493 3742 607 3797 tenebat
626 3760 716 3797 secum
744 3742 903 3811 drungarius
926 3743 1055 3813 vigiliae3
1079 3742 1130 3795 suh
1150 3760 1228 3795 curus
1246 3742 1367 3811 disposi-

280 3814 358 3866 tione
379 3813 462 3864 etiam
484 3812 610 3883 deputati
633 3814 786 3865 identidem
809 3813 946 3865 obeundis
972 3813 1002 3865 in
1026 3813 1165 3883 praetorio
1186 3812 1367 3865 excubiarum

279 3883 386 3935 vicibus
400 3883 519 3951 magistri
538 3884 657 3937 miiitum
672 3892 764 3947 erant,
782 3882 867 3952 idque
885 3883 963 3949 ideo,
1008 3884 1054 3934 uia
1068 3884 1219 3951 Imperator
1233 3881 1301 3952 ipsis
1316 3900 1367 3951 per

281 3952 457 4021 drongarium
474 3953 585 4023 vigiliae
600 3954 715 4024 imperia
732 3972 780 4007 suo
796 3954 948 4024 significare
966 3900 1045 4007 rdet
1081 3952 1199 4023 siquod
1215 3956 1368 4022 imperato-

281 4038 338 4073 rem
360 4023 451 4077 thema
474 4040 523 4076 seu
544 4024 616 4092 legio
633 4025 809 4095 provincialis
830 4042 880 4093 pro
897 4024 985 4092 prima
1008 4026 1067 4078 viee
1088 4025 1237 4085 salutaret,
1262 4023 1367 4075 fiebant

280 4090 356 4149 haee.
391 4093 434 4145 Ad
457 4093 511 4148 dno
536 4104 623 4151 tresve
642 4098 756 4167 sagittae
770 4095 858 4149 iactus
877 4093 997 4148 distabat
1013 4092 1206 4160 illudamur,
1228 4093 1259 4149 ia
1276 4093 1366 4147 asisin
